1821 3309
1492 205 1586 255 137

172 342 446 383 articulatim
488 343 783 398 ‹le'ste'ucleque
827 342 1049 384 dicautur.
1110 343 1266 387 Cicero
1311 346 1395 398 hic,
1438 357 1483 389 ut
1529 348 1654 399 alibi,

173 434 272 461 eum
321 429 519 464 veterum
566 420 947 478 philosophorum,
994 423 1036 462 id
1081 432 1162 474 est,
1209 434 1251 465 et
1293 429 1569 482 superiorum
1612 437 1654 469 et

172 496 372 540 Platonis
404 503 602 542 maxime
630 509 674 542 et
705 502 779 556 qui
811 502 926 541 circa
957 500 1080 542 illum
1114 511 1255 554 erant,
1282 507 1452 545 ratione
1481 521 1655 562 compa-

171 586 238 618 rat
271 592 441 630 eorum,
486 581 559 635 qui
591 587 745 635 postea
780 580 822 619 in
857 579 1023 620 scholis
1058 595 1413 638 unttmqnemque
1446 585 1654 626 doctrina:

170 653 317 698 locum
350 657 702 714 argumentando
736 657 1072 714 rationibusque
1108 660 1420 704 concludendis
1456 679 1655 721 expone·

170 732 292 787 bant,
333 737 465 793 idque
506 739 567 778 ita
611 737 730 787 facit,
774 746 838 788 ut,
881 752 1143 793 quamquam
1192 739 1273 782 hos
1317 741 1409 783 fere
1452 743 1574 785 solos
1610 746 1653 785 in

169 813 402 857 scribendo
427 831 530 858 vere
555 815 825 872 sequebatur
848 825 889 856 et
914 818 1040 872 sequi
1064 818 1320 875 cogebatur,
1346 823 1459 877 quod
1483 822 1652 865 flumini

172 892 240 935 illi
272 896 488 949 profundo
523 895 766 938 Platonicae
800 895 1101 939 meditationis
1144 909 1218 940 aut
1249 901 1524 944 Aristoteliae
1557 905 1655 944 exi-

171 989 303 1030 guam
333 986 376 1017 et
400 975 642 1018 invalidam
673 974 870 1029 cymbam
898 979 1172 1022 committere
1201 994 1286 1020 non
1315 981 1522 1030 audebat,
1550 983 1655 1024 illos

171 1062 333 1108 tamen,
378 1065 424 1097 ut
454 1070 643 1111 semper,
676 1053 814 1094 verbo
848 1063 976 1095 tenus
1019 1058 1219 1110 praeferat
1251 1068 1294 1099 et
1324 1060 1534 1112 extollat,
1579 1062 1654 1103 Ιιει-

168 1142 323 1176 ctenus
354 1136 530 1191 quidem
563 1135 693 1175 etiam
728 1148 786 1174 ex
823 1136 959 1174 animi
980 1138 1216 1188 sententia,
1247 1139 1361 1194 quod
1396 1149 1439 1181 et
1470 1140 1657 1183 obscura

170 1215 358 1271 quadam
384 1216 678 1272 cogitatorum
712 1214 1004 1255 admiratione
1037 1215 1313 1260 alliciebatur
1348 1228 1389 1260 et
1425 1223 1657 1271 orationis,

170 1294 412 1337 Platonica}
447 1304 582 1346 certe,
617 1293 896 1350 splendorem
931 1304 973 1335 et
1013 1297 1099 1336 vim
1136 1297 1398 1340 rhetoricam
1431 1310 1476 1341 ut
1509 1312 1656 1342 orator

172 1376 322 1431 magni
363 1374 569 1416 faciebat.
635 1372 788 1429 ltaque
828 1376 913 1415 iam
954 1375 1062 1416 illud
1097 1376 1150 1417 de
1191 1377 1382 1429 offic-[uls
1427 1382 1656 1435 snpientia:

171 1468 268 1495 cum
303 1456 446 1498 ironia
479 1453 667 1510 quadam
701 1461 743 1493 et
775 1464 1026 1508 contemptu
1062 1457 1235 1500 dicitur.
1298 1457 1414 1500 Tum
1457 1462 1656 1515 superio-

172 1547 243 1576 res
270 1533 386 1584 fuse
431 1548 486 1575 ac
519 1532 658 1574 libere
702 1532 952 1587 disputasse
997 1535 1127 1584 dicit;
1173 1538 1249 1578 sed
1287 1538 1386 1580 huic
1417 1554 1503 1581 non
1537 1550 1656 1582 recte

172 1614 439 1656 contrarium
463 1614 640 1670 ponitur
663 1613 935 1654 maculatim
961 1614 1270 1672 ‹Ic’sle'ucleque.
1311 1617 1425 1660 Nam
1449 1620 1657 1662 (listinae

172 1708 347 1750 semper
392 1695 434 1734 in
482 1691 612 1733 laude
658 1694 860 1748 ponitur-3
904 1707 1046 1750 neque
1093 1706 1266 1737 veteres
1307 1698 1409 1739 illos
1452 1701 1657 1742 distincte

170 1775 420 1830 disputasse
451 1786 616 1828 negare
647 1780 835 1826 poterat,
867 1775 949 1814 etsi
980 1775 1145 1815 minute
1174 1776 1422 1832 disputasse
1451 1780 1657 1836 negabat.

169 1853 308 1896 Aliud
340 1854 476 1909 igitur
508 1853 746 1911 requiritur
783 1851 1067 1902 vocabulum,
1111 1856 1225 1911 quod
1262 1860 1404 1914 magis
1437 1861 1478 1900 in
1512 1876 1658 1917 repre-

169 1933 428 1976 hensionem
472 1932 651 1988 putidae
686 1931 921 1973 divisionis
965 1942 1008 1973 et
1040 1935 1206 1977 minute
1242 1939 1428 1979 concisae
1463 1940 1659 1995 disputa-

171 2015 305 2055 tionis
337 2011 535 2053 inclinet.
600 2011 648 2052 ld
685 2010 793 2052 latet
838 2013 881 2052 in
925 2015 1164 2056 eorundem
1197 2017 1399 2059 codicum
1442 2022 1658 2075 scriptura

172 2093 364 2144 delecta,
408 2105 489 2150 pro
526 2106 611 2147 qua
646 2105 705 2132 ex
741 2090 878 2132 simili
912 2093 1062 2135 codice
1101 2095 1327 2138 Victorius
1359 2099 1536 2142 desecta
1568 2102 1659 2142 edi-

171 2165 251 2219 dit,
281 2167 378 2210 sive
410 2185 463 2212 ea
494 2173 747 2213 coniectura
789 2181 854 2214 est
892 2188 952 2214 ex
984 2173 1062 2215 illa
1094 2175 1238 2217 ducta.
1298 2177 1505 2221 Debebat
1545 2181 1658 2224 eflici

173 2250 447 2291 articulatim
482 2251 688 2293 ‹lis-secta.
748 2251 1024 2295 De·ssecamlc
1055 2257 1201 2311 potius
1233 2273 1362 2313 quam
1397 2261 1663 2303 concidendi

173 2326 309 2370 verbo
339 2328 496 2373 Cicero
531 2346 636 2374 usus
665 2341 731 2374 est
765 2342 943 2389 propter
976 2349 1072 2375 eam
1107 2337 1365 2393 ituaginem,
1397 2355 1491 2396 qua:
1520 2353 1586 2384 est
1615 2344 1658 2383 in

171 2410 459 2450 articulatim.

286 2485 387 2528 Lib.
419 2487 461 2529 11
493 2504 529 2530 c.
559 2490 602 2540 5,
634 2491 691 2530 12
722 2491 867 2532 editur
901 2506 1039 2534 nunc:
1074 2494 1144 2535 M.
1170 2494 1296 2551 Lege
1326 2503 1469 2539 aulem
1504 2513 1660 2541 careus

173 2568 333 2607 civitas
374 2581 491 2609 cume
531 2567 582 2609 ob
628 2569 679 2610 id
717 2573 854 2624 ipsum
895 2570 1098 2614 habenda
1141 2575 1262 2616 nullo
1297 2577 1427 2618 loco?
1467 2578 1518 2627 (C.
1555 2579 1663 2621 lh'cc'

171 2645 308 2687 aliter
338 2659 422 2688 non
451 2653 610 2703 potest.
675 2648 893 2692 Auctores
930 2651 1063 2694 habet
1096 2653 1188 2695 haec
1222 2657 1438 2711 scriptura
1473 2659 1515 2699 in
1550 2674 1658 2701 voce

172 2738 303 2778 alme,
346 2727 400 2768 de
440 2743 526 2784 qua
561 2742 724 2785 quatro,
769 2741 976 2787 quattuor
1010 2733 1245 2775 Goerenzii
1292 2735 1481 2789 codices,
1525 2753 1658 2780 unum

173 2802 362 2858 Moseri,
413 2805 741 2852 Monaeensem.
805 2811 954 2854 Ceteri
1000 2813 1091 2855 sere
1134 2829 1188 2856 ue
1229 2814 1419 2867 habent,
1478 2827 1521 2859 ut
1569 2828 1656 2860 tros

175 2882 426 2937 Goerenzii‚
475 2887 651 2932 Davisii
694 2906 863 2945 omum,
909 2891 1073 2936 Mose-ri
1121 2895 1220 2937 duo.
1296 2896 1474 2939 Fesellit
1521 2899 1657 2953 igitur
