1821 3309
258 215 354 265 123

298 353 444 396 Unum
476 351 624 401 etiam,
656 349 862 405 quoniam
896 347 1080 403 perfecti
1111 345 1323 390 infinitivi
1361 349 1523 389 mentio
1553 349 1660 391 inci·

187 436 264 483 dit,
291 432 462 474 addam.
519 429 698 471 Dictum
727 437 794 469 est
820 429 936 468 enim
968 442 1106 483 nuper
1136 428 1177 481 (a
1200 427 1412 470 Walchio
1439 428 1493 468 ad
1517 426 1661 468 Tacit.

188 510 388 569 Agricol.
435 526 477 566 p.
517 510 617 563 141)
667 509 990 563 repetitumque
1040 507 1083 560 (a
1125 506 1405 548 Boettichero
1449 508 1494 547 in
1539 506 1658 548 Lex.

190 591 337 633 Tacit.
368 605 409 644 p.
440 588 560 644 458),
602 602 699 628 eam
731 587 915 628 formam
947 586 1164 626 interdum
1199 601 1273 641 pro
1306 584 1529 626 infinitivo
1561 599 1662 627 con-

190 668 397 713 dicionali
437 669 557 723 poni,
603 666 726 707 velut
769 665 883 721 apud
927 664 1035 706 Tac.
1066 664 1265 720 Agricol.
1296 667 1325 704 4
1358 664 1555 706 hausisse
1584 678 1661 717 pro

190 748 423 791 hausurum
454 746 609 796 j'zcc'sse
650 753 693 785 et
733 744 852 785 Ann.
900 743 981 794 lv,
1024 745 1102 783 28:
1144 756 1230 783 uon
1273 747 1383 783 enim
1430 757 1476 783 se
1508 742 1663 783 caedem

187 830 407 885 principis
450 830 491 866 et
522 839 591 865 res
637 837 774 864 novas
804 835 888 863 meo
920 824 1037 861 socio
1070 825 1302 875 cogitasse,
1337 821 1451 875 apud
1483 820 1666 862 Cicero-

195 922 294 949 nem
340 919 511 962 quoque
551 902 743 958 Philipp.
786 901 828 942 11
869 904 891 952 ξ
932 901 979 942 5:
1024 913 1110 940 non
1155 905 1243 940 lam
1285 899 1522 940 iucundum
1561 897 1670 940 mihi

200 986 343 1028 videri
370 983 533 1032 debuit,
564 996 648 1022 uon
687 980 967 1029 e’ulenf'ecllcm
1000 980 1106 1033 (me)
1141 993 1169 1020 a
1203 985 1261 1030 te,
1293 993 1419 1034 qnam
1452 981 1668 1029 miserum,

197 1071 241 1106 te
274 1063 323 1105 id
356 1066 527 1117 impune
556 1060 723 1109 jacere
757 1062 970 1113 poluisse.
1037 1058 1123 1099 Sed
1167 1067 1213 1098 ut
1245 1059 1289 1098 in
1329 1057 1410 1098 hoc
1441 1056 1668 1098 Ciceronis

198 1143 296 1184 loco
335 1150 454 1183 recta
495 1141 693 1180 oratione
734 1138 983 1177 necessario
1017 1145 1133 1177 esset
1168 1151 1227 1176 ex
1259 1151 1379 1177 more
1413 1135 1668 1176 Ciceronis:

199 1235 285 1264 non
317 1234 382 1261 me
416 1215 698 1268 interfecisti,
739 1216 816 1256 sed
847 1221 992 1256 tamen
1025 1216 1074 1256 id
1103 1219 1276 1269 impune
1292 1214 1460 1264 fucere
1486 1217 1673 1269 polm'sli

201 1298 408 1354 (faciendi
434 1305 693 1352 potestatem
720 1293 949 1349 habuisti),
979 1296 1041 1334 sic
1072 1295 1114 1334 in
1143 1293 1284 1335 altero
1323 1294 1468 1335 Taciti
1495 1293 1593 1334 loco
1626 1293 1670 1333 in

202 1375 414 1433 Agricola
439 1373 685 1415 infinitivus
711 1372 945 1427 respondet
966 1373 1203 1413 indicativo
1235 1375 1278 1412 in
1308 1374 1536 1413 notissima
1557 1370 1669 1426 apud

203 1456 408 1497 Tacitum
440 1454 756 1493 sententiarum
791 1452 1124 1491 coniunctione:
1170 1451 1358 1491 sludt'um
1393 1448 1675 1504 philosophiae

202 1538 351 1577 acrius
379 1532 601 1582 hauserat,
630 1535 680 1571 nl
699 1530 941 1585 prudenlc'a
971 1533 1124 1570 matris
1152 1553 1207 1560 --
1239 1533 1427 1570 am‘mnm
1460 1532 1674 1570 coercuis-

205 1620 284 1664 set,
328 1627 431 1669 qna,
480 1610 713 1651 obscurata
760 1609 1028 1650 condicionis
1070 1607 1412 1663 significatione,
1445 1608 1675 1658 indicatur,

204 1696 292 1734 iam
339 1691 616 1746 aliquatenus
661 1688 876 1729 hausisse.
942 1687 990 1728 In
1026 1686 1249 1728 annalium
1282 1686 1379 1728 loco
1412 1702 1465 1728 ne
1500 1702 1551 1728 ea
1583 1688 1676 1743 qui-

207 1773 303 1813 dem
338 1771 581 1826 proprietas
615 1776 679 1807 est
713 1769 939 1816 orationis,
980 1767 1054 1806 sed
1087 1780 1206 1813 rcus,
1241 1768 1403 1806 crimen
1435 1765 1676 1821 depellens,

206 1861 252 1892 ut
285 1857 511 1891 accusator
537 1847 735 1887 conscios
760 1846 970 1895 nominet,
1002 1846 1061 1885 ita
1095 1843 1312 1899 postulat,
1344 1853 1391 1884 ut
1425 1843 1506 1885 hoc
1537 1844 1676 1885 dicat:

206 1928 328 1983 „Non
356 1929 471 1968 enim
505 1925 562 1979 (id
583 1925 737 1964 saltem
758 1923 1083 1963 concedendum
1118 1924 1216 1976 est),
1246 1924 1298 1973 si,
1330 1923 1445 1978 quod
1473 1924 1678 1964 crimina·

208 2010 284 2059 ris,
318 2006 476 2047 caedem
511 2004 719 2059 principis
756 2010 798 2042 et
830 2015 898 2041 res
928 2015 1064 2041 novas
1100 2002 1307 2057 cogitavi,
1339 2000 1461 2041 solus
1491 2001 1534 2041 id
1561 2002 1681 2057 cogi-

208 2087 336 2128 ίαν-Ψ.
402 2085 663 2125 perversum
699 2088 814 2121 esset
846 2084 1118 2133 cogitassem.
1181 2080 1307 2120 Patet
1339 2081 1487 2135 igitur,
1519 2081 1564 2119 in
1599 2079 1682 2120 hoc

210 2164 305 2205 loco
348 2160 458 2202 nihil
491 2174 588 2201 esse
631 2157 883 2213 singulare3
922 2159 966 2198 in
1002 2158 1142 2198 altero
1174 2172 1402 2212 apparere,
1435 2156 1564 2212 quod,
1599 2158 1682 2198 etsi

211 2255 425 2297 nusquam
452 2239 704 2280 adnotatum
732 2245 813 2286 est,
840 2235 1001 2277 multos
1026 2245 1132 2291 puto
1155 2234 1453 2287 intellexisse,
1480 2235 1681 2291 quodque

214 2320 364 2363 multis
409 2316 627 2372 exemplis
671 2316 841 2357 ostendi
891 2323 1074 2370 poterat,
1118 2313 1193 2354 ubi
1237 2315 1280 2354 in
1323 2323 1442 2355 recta
1483 2315 1681 2356 oratione

213 2399 311 2441 tolli
354 2395 668 2438 condicionalis
708 2395 890 2434 rationis
941 2390 1208 2448 significatio
1251 2394 1403 2448 possit,
1446 2391 1508 2433 ibi
1548 2394 1681 2434 etiam

215 2481 258 2519 in
288 2475 507 2518 infinitivo
538 2473 652 2525 tolli,
682 2472 811 2514 aliter
833 2473 1008 2528 quidem
1040 2486 1272 2526 nunquam.
1332 2469 1558 2512 Ciceronis
1583 2471 1683 2513 loco

217 2556 313 2598 addi
348 2562 489 2611 potest
529 2552 640 2593 alter
680 2551 809 2605 plane
841 2551 1037 2592 eiusdem
1078 2551 1255 2606 generis
1287 2564 1343 2591 ex
1377 2551 1574 2591 oratione
1605 2563 1681 2605 pro

311 2765 356 2773 —
382 2751 471 2780 aut
504 2744 679 2789 patribus
715 2744 810 2777 salis
847 2743 1033 2784 decorum,
1068 2753 1139 2788 pro
1177 2741 1298 2774 altero
1336 2745 1417 2781 aut,
1456 2739 1683 2776 obversante

312 2808 436 2841 animo
463 2805 581 2840 altera
606 2804 795 2850 particula
823 2816 902 2843 nec,
932 2803 1109 2850 scripsit:
1138 2815 1292 2849 neque
1314 2803 1504 2848 patribus,
1538 2807 1582 2836 ut
1617 2808 1685 2837 aut

312 2868 538 2916 particulam
563 2865 856 2913 respondentem
883 2877 960 2900 non
986 2864 1135 2899 habeat.
