1821 3309
1465 121 1561 172 103

259 258 316 300 ΙΙ.
377 259 417 302 Α
451 261 629 301 notione
662 261 798 302 futuri
836 264 984 302 exacti
1016 262 1350 315 coniunctivus,
1385 274 1432 305 ut
1462 263 1624 306 indica·

138 340 288 391 tivus,
334 340 490 380 transit
527 341 571 380 in
621 342 842 380 notionem
894 340 1032 381 futuri
1075 344 1345 384 coniunctivi
1395 343 1624 399 simplicis,

142 432 239 460 cum
270 432 322 459 eo
365 427 528 469 tamen,
566 429 613 458 ut
651 419 744 458 fore
782 418 843 458 ibi
876 427 1041 459 tantuin
1072 430 1273 475 ponatur,
1306 421 1379 462 ubi
1410 424 1475 463 rei
1504 423 1622 464 futu·
1682 458 1684 460 ,

139 511 198 538 rae
233 511 320 537 non
352 511 429 552 per
458 509 503 536 se
539 498 747 552 cogitatio
784 498 1076 552 suscipiatur,
1122 499 1197 539 sed
1241 498 1414 540 inclusa
1442 502 1486 540 in
1521 515 1623 542 con-

133 573 257 626 silio,
304 574 557 625 voluntate,
600 584 758 616 conatu
819 584 894 616 ant
936 577 978 616 in
1027 576 1259 631 hypothesi
1292 580 1353 633 (in
1388 581 1621 620 sententiis

133 652 342 696 finalibus
361 663 403 695 et
421 654 832 708 condicionalibus),
855 669 939 710 quo
959 653 1022 705 fit,
1041 665 1085 695 ut
1106 655 1376 712 plerumque,
1410 658 1621 699 inferiore

134 743 279 775 antem
300 743 427 775 aetate
450 749 637 788 sempor,
673 748 863 789 praesens
884 743 1058 789 tenipus
1079 745 1277 790 ponatur.
1325 736 1436 778 Dixi
1455 745 1620 786 tamen,

134 813 226 854 fere
241 822 407 854 tantuin
430 815 492 854 sis:
512 816 610 866 poni
629 829 751 861 3nz11n
770 815 811 853 in
829 814 1075 869 fragmento
1090 814 1214 855 Accii
1233 830 1290 855 ex
1309 815 1616 872 Epinausima-

135 891 214 933 che
242 892 356 947 apud
388 891 501 933 Non.
527 908 568 947 p.
593 895 677 933 485
710 892 846 934 Herc.
884 892 1086 946 (Coreli-(1,
1116 900 1321 948 quemlum
1347 894 1559 946 obfueris,
1576 899 1619 936 η’

136 975 277 1012 victus
307 975 418 1020 sies,
466 971 722 1021 considera,
767 977 808 1010 et
839 985 920 1025 quo
953 984 1129 1011 revoces
1162 985 1364 1012 smmnam
1400 975 1617 1026 exerciti)

134 1049 330 1100 obfueris·
369 1051 411 1089 in
458 1049 804 1104 interrogatione
851 1049 1056 1105 pendenti
1106 1059 1171 1090 est
1208 1065 1346 1106 paene
1379 1065 1457 1107 pro
1491 1051 1617 1101 obfu-

130 1133 242 1170 turis
272 1132 356 1179 sis,
403 1127 457 1169 ab
488 1129 739 1179 ,indicativo
774 1138 945 1170 tamen:
1003 1128 1225 1180 obsitere’s,
1267 1134 1309 1170 εἰ
1339 1134 1480 1171 ve’clns
1513 1134 1614 1171 eris.

133 1209 218 1251 Sed
250 1209 309 1259 id,
343 1208 456 1264 quod
489 1208 613 1258 dixi,
659 1208 792 1248 futuri
830 1222 971 1264 genus
1003 1210 1189 1263 primum
1225 1211 1267 1250 in
1301 1207 1615 1251 condicionali·

130 1286 211 1329 bus
246 1290 477 1329 sententiis
511 1289 743 1341 reperitur,
778 1289 932 1342 partini
968 1289 1243 1343 pra-cedente
1279 1291 1321 1329 in
1355 1289 1613 1329 condicione

128 1369 335 1422 praesenti
368 1369 634 1408 coniunctivi
669 1376 881 1422 temporo,
918 1376 960 1406 ut
996 1368 1108 1422 apud
1148 1367 1349 1408 Plautum
1384 1366 1607 1422 Amphitr.

129 1444 163 1496 Ι,
192 1447 234 1496 3,
268 1447 337 1494 12,
371 1444 516 1486 casin.
550 1445 605 1496 Π,
630 1448 671 1496 ’7,
705 1445 744 1496 l,
789 1445 918 1500 Epid.
955 1444 1010 1494 11,
1040 1447 1082 1496 2,
1116 1447 1186 1496 73,
1228 1445 1327 1488 Mil.
1359 1445 1440 1496 ΙΙΙ,
1473 1448 1511 1491 l,
1555 1447 1612 1487 '75

128 1524 260 1579 (quid
294 1529 526 1579 oplassis),
562 1523 698 1565 Mero.
731 1524 810 1573 lv,
845 1524 888 1574 6,
920 1526 997 1575 10,
1040 1524 1171 1566 Poen.
1203 1524 1283 1575 IV,
1318 1526 1358 1575 2,
1390 1525 1461 1575 64,
1495 1524 1610 1579 apud

127 1602 308 1644 Terent.
337 1603 494 1658 [Iecyr.
526 1603 604 1653 ΙΙΙ,
635 1603 760 1654 4,10,
788 1604 946 1658 partim
975 1613 1186 1659 sequente
1215 1606 1259 1645 in
1293 1619 1337 1645 re
1370 1618 1437 1653 ea,
1470 1617 1564 1659 quae
1584 1617 1610 1644 a

126 1682 381 1724 condicione
400 1683 574 1738 pendet,
603 1691 650 1722 ut
674 1682 800 1725 Asin.
828 1681 908 1733 ΙΙΙ,
935 1683 977 1733 3,
1003 1683 1054 1722 13
1073 1683 1139 1734 (εἰ
1170 1683 1376 1736 acessit),
1402 1681 1608 1723 Bacchid.

126 1760 194 1811 V,
228 1763 280 1812 1,
309 1763 387 1809 17;
451 1762 606 1816 partini
658 1760 852 1801 futurum
891 1769 1095 1800 exactum
1139 1760 1373 1816 utrobique
1414 1762 1608 1816 ponitur,

123 1847 170 1880 ut
204 1837 386 1882 Trncnl.
420 1838 454 1891 Ι,
489 1842 527 1890 l,
560 1842 616 1879 40
665 1843 732 1892 (si
747 1838 957 1888 saa-lmus
989 1837 1257 1892 -fa.m'1n).
1339 1838 1387 1881 In
1433 1853 1519 1880 uno
1565 1849 1608 1880 et

123 1917 264 1960 altero
297 1918 421 1969 loco,
485 1920 522 1958 si
557 1919 607 1958 ad
642 1919 925 1959 indicativam
964 1919 1149 1958 formam
1186 1920 1406 1959 sententia
1438 1918 1603 1971 redigi-

123 2006 206 2048 tur,
241 1997 434 2038 futurum
462 2006 670 2038 exactum
698 2012 783 2037 non
817 1996 959 2037 solum
993 1995 1191 2046 licenter,
1222 1997 1297 2037 sed
1331 1998 1472 2052 magis
1505 2010 1604 2051 pro—

122 2077 214 2131 prie
251 2078 353 2132 poni
386 2084 545 2132 potest,
577 2085 622 2115 ut
658 2075 757 2117 Cas.
785 2076 852 2127 ΙΙ,
883 2079 937 2127 7,
972 2078 993 2117 1
1038 2076 1090 2117 de
1123 2076 1266 2116 fructu
1299 2076 1363 2115 rei
1393 2074 1603 2130 perfectae

121 2164 163 2196 et
194 2155 328 2196 Poen.
362 2155 443 2204 lv,
463 2157 505 2206 2,
534 2157 590 2196 64
621 2156 673 2197 de
705 2155 931 2197 celeritate
963 2157 1026 2196 rei
1057 2155 1380 2210 consequentis.
1429 2152 1603 2195 Deinde

125 2220 219 2274 hoc=
241 2235 433 2275 futurum
468 2244 567 2290 post
598 2241 645 2276 ul
680 2244 721 2275 et
758 2249 811 2275 ne
844 2236 1033 2290 ponitur,
1069 2233 1192 2274 velut
1224 2232 1369 2274 Plaut.
1402 2231 1602 2281 Aul.IV‚

118 2313 162 2363 2,
195 2314 223 2352 4
258 2314 441 2368 (quoeso,
479 2320 525 2355 ut
551 2312 867 2368 prohibesse's),
916 2312 1043 2369 Capt.
1081 2312 1175 2362 IV,
1216 2313 1270 2362 2,
1312 2312 1363 2352 11
1400 2310 1603 2361 (emmor,

122 2395 275 2445 nequis
310 2391 579 2445 obsle‘lem‘l),
612 2391 710 2433 Mil.
749 2392 818 2441 11,
851 2393 903 2441 3,
934 2393 990 2432 65
1037 2391 1146 2444 (Hic
1176 2389 1408 2437 obsistam,
1440 2401 1494 2428 ne
1524 2390 1601 2427 im-

115 2468 331 2523 prudenti
371 2468 456 2510 Ιιιιο
496 2483 548 2510 ea
591 2483 638 2510 se
667 2473 879 2523 surrepsit
910 2467 1058 2520 milet),
1099 2468 1222 2508 Pers.
1253 2466 1335 2517 lv,
1368 2468 1410 2516 3,
1442 2467 1471 2505 9
1503 2467 1601 2519 (nec

119 2554 284 2599 metuo,
332 2562 388 2590 ne
421 2551 517 2604 quis
549 2547 657 2588 me'ln'
685 2552 731 2589 in
762 2551 861 2588 iure
893 2545 1153 2600 abiurassel)
1172 2576 1184 2593 ,
1228 2546 1366 2587 Poen.
1398 2542 1432 2594 I,
1464 2545 1508 2592 3,
1542 2544 1600 2585 37

119 2628 252 2681 (nunc
284 2625 391 2668 milei
416 2631 565 2669 cautio
597 2633 685 2678 est,
730 2641 784 2668 ne
829 2630 1012 2667 meamet
1054 2625 1183 2680 culpa
1228 2637 1320 2665 meo
1352 2625 1494 2663 amori
1527 2620 1598 2663 ob·

117 2709 254 2748 iexz'm
283 2708 475 2761 moram).
542 2707 966 2763 Frequentissimum
1002 2712 1069 2746 est
1098 2711 1198 2760 post
1227 2716 1335 2744 cave
1366 2715 1432 2743 ne.
1491 2700 1599 2742 Post

118 2789 168 2825 vut
194 2783 375 2828 ultimus
403 2801 463 2828 ex
497 2787 580 2837 iis,
627 2800 736 2842 quos
767 2784 1007 2837 habemns,
1053 2797 1106 2825 eo
1138 2796 1245 2825 usus
1284 2789 1351 2823 est
1379 2779 1594 2822 Horatius
