1821 3309
1485 162 1542 209 ΙΙ

261 299 310 341 C.
343 301 411 352 13,
440 301 511 351 33,
543 299 619 342 ubi
652 298 851 342 Orellius
881 313 905 340 e
938 299 1059 341 codd.
1093 298 1253 341 Bernn.
1284 308 1326 341 et
1356 300 1448 342 Erf.
1479 301 1613 343 edidit

146 378 392 433 deputaret,
423 379 584 420 codicis
599 379 865 420 parisiensis
882 379 1141 418 auctoritate
1160 379 1408 421 defenditur
1435 385 1617 434 putaret

148 465 191 497 et
225 470 305 496 usu
337 455 578 508 Ciceronis,
620 459 693 512 qui
725 469 946 512 nunquam
980 455 1226 497 obsoletum
1260 456 1370 498 illud
1401 467 1443 498 et
1474 461 1613 513 poeti-

146 547 242 576 cum
286 532 471 575 verbum
513 536 674 589 posuit,
720 536 843 576 cuius
880 534 961 575 hoc
994 533 1091 575 loco
1125 536 1274 590 positi,
1306 536 1349 575 in
1382 536 1613 592 simplicis-

144 613 256 653 sima
287 613 498 653 orationis
528 612 684 664 forma,
714 613 838 654 nulla
869 627 1001 654 causa
1031 611 1141 669 fingi
1182 622 1341 669 potest.

259 688 309 731 C.
338 692 410 738 14,
442 692 514 742 35,
549 691 622 732 ubi
655 693 819 733 editur:
851 690 1028 732 Etenim
1057 695 1100 732 si
1127 690 1338 734 Fortunoe
1369 692 1615 734 muneribus

144 769 423 823 amplissimis
471 776 652 811 ornatus
704 774 858 825 soepius
910 774 1004 811 eius
1047 771 1140 812 deoe
1169 772 1417 826 periculum
1447 770 1615 821 facere

144 847 299 895 nollet,
344 849 479 888 miror
509 847 727 890 Orellium
762 857 930 890 tantum
964 863 1024 890 ex
1056 849 1149 890 cod.
1180 850 1271 894 Erf.
1303 851 1462 892 afferre
1500 849 1615 898 Quia

144 928 198 976 si,
228 934 276 965 ut
308 925 490 980 vulgata
521 928 736 982 scriptura
769 929 971 968 videatur
1007 942 1104 968 esse
1135 930 1180 967 in
1209 927 1369 968 Bel-nn.
1402 929 1489 969 Sed
1514 929 1613 969 Par.

144 1002 292 1055 habet,
322 1012 369 1044 ut
402 1004 536 1044 edidit
568 1018 628 1044 ex
660 1004 793 1044 simili
824 1005 972 1045 codice
1005 1004 1275 1045 Lambinus:
1320 1004 1410 1053 (lui
1433 1010 1476 1047 si
1501 1005 1613 1048 For-

144 1087 262 1123 tuuae
303 1081 385 1125 ἄιε.
444 1081 592 1137 Atque
644 1081 746 1123 huic
797 1084 946 1138 primae
992 1092 1035 1124 et
1081 1085 1220 1124 tertiae
1261 1083 1442 1125 familiae
1484 1084 1614 1138 (Ea-f.)

143 1161 376 1201 consensui
417 1160 541 1201 cedet
579 1161 770 1202 secunda
810 1163 853 1202 in
889 1161 970 1203 hac
1016 1164 1256 1218 praesertim
1289 1178 1433 1205 causa.
1500 1162 1613 1204 Nam

143 1253 220 1294 pro
276 1238 528 1281 huiusmodi
578 1240 778 1282 relativis
824 1241 876 1282 ad
919 1243 1161 1282 sententias
1206 1243 1442 1284 nectendas
1497 1244 1614 1297 posi-

143 1319 199 1359 tis
268 1320 399 1359 etiam
451 1318 552 1360 aliis
615 1319 725 1360 locis
790 1321 1122 1362 coniunctiones
1180 1320 1427 1362 substitutae
1488 1329 1613 1368 sunt;

143 1396 219 1439 cfr.
262 1412 339 1453 pro
371 1398 486 1441 Sest.
528 1400 570 1449 ’7,
610 1400 666 1439 15
707 1399 792 1452 (ed.
830 1398 972 1441 Orell.
1017 1401 1155 1454 mim).
1220 1399 1357 1441 Paulo
1399 1406 1496 1452 post
1522 1413 1613 1439 -non

144 1477 393 1516 necessaria
426 1485 494 1516 est
518 1478 765 1518 emendatio
798 1479 946 1518 nescio
979 1480 1102 1518 cuius
1135 1480 1219 1519 viri
1248 1479 1363 1519 docti
1394 1477 1447 1518 ab
1476 1479 1614 1518 omni-

144 1553 225 1595 bus
252 1562 453 1610 recepta:
485 1569 577 1595 cum
609 1556 690 1596 illa
718 1559 889 1610 insigni
917 1557 1099 1607 laurea3
1127 1557 1371 1597 rectissime
1403 1558 1516 1596 enim
1550 1556 1613 1607 di-

145 1634 271 1684 citur,
316 1633 431 1688 quod
473 1647 624 1674 omnes
669 1633 832 1675 habent
864 1636 984 1677 codd.
1018 1636 1167 1688 (etiam
1201 1635 1276 1688 P);
1308 1648 1400 1675 cam
1431 1635 1513 1675 illa
1546 1639 1613 1675 iu-

147 1715 269 1766 signi
298 1711 445 1762 laude,
482 1719 527 1751 ut
558 1725 637 1752 sua
674 1711 893 1753 Caesarem
926 1713 1023 1753 laus
1056 1721 1097 1753 et
1129 1713 1272 1768 gloria
1304 1715 1503 1754 comitari
1538 1715 1613 1754 tri-

142 1789 427 1845 umphantem
458 1788 746 1845 intelligatur.

255 1866 304 1909 C.
335 1867 398 1919 15,
427 1869 498 1919 36,
530 1867 605 1909 ubi
632 1868 800 1910 editur:
831 1870 964 1910 simul
986 1869 1193 1920 ostendit,
1227 1883 1320 1910 eam
1353 1885 1399 1912 se
1428 1875 1615 1913 sciscere

143 1949 296 2003 legem,
328 1959 454 2000 quam
486 1961 579 1988 esse
604 1947 742 2002 legem
774 1953 919 2003 neget,
950 1949 993 1988 in
1025 1948 1073 1989 Ρ.
1105 1957 1196 1990 est:
1227 1963 1320 1989 ecem
1352 1954 1517 1991 sentire
1547 1952 1609 1990 le-

137 2039 268 2082 gem,
318 2026 364 2066 in
420 2026 562 2066 tertiae
616 2025 797 2067 familiae
852 2026 973 2067 codd.
1018 2027 1155 2080 (En-f„
1201 2027 1347 2081 Oxx.)
1397 2043 1442 2069 se
1485 2033 1614 2069 scire.

143 2104 346 2146 Sciscere
382 2119 535 2145 verum
567 2119 664 2145 esse
697 2118 781 2146 non
808 2112 977 2160 potest3
1007 2105 1049 2146 id
1082 2107 1197 2147 enim
1229 2106 1283 2146 ad
1315 2108 1491 2148 comitia
1519 2123 1615 2164 per·

141 2184 252 2225 tinet
294 2191 363 2231 et,
407 2183 444 2223 si
478 2183 738 2225 transfertur
771 2183 824 2223 ad
856 2182 961 2233 alia,
995 2184 1048 2224 ad
1090 2186 1438 2227 constituendam
1488 2187 1614 2228 initio

141 2261 318 2318 legem3
362 2261 444 2302 hoc
472 2261 570 2303 loco
599 2263 651 2303 de
685 2262 902 2303 servanda
932 2271 975 2303 et
1006 2262 1232 2318 probanda
1263 2263 1363 2320 lege
1394 2265 1611 2319 (Vatinia)

142 2341 304 2381 dictum
337 2347 467 2381 esset.
533 2341 604 2381 Ex
635 2341 898 2382 Parisiensis
932 2342 1093 2383 codicis
1123 2345 1350 2398 scriptura,
1384 2344 1511 2385 modo
1546 2358 1613 2385 sa·

146 2420 204 2459 tis
234 2427 470 2472 constaret,
511 2435 607 2461 eam
638 2421 844 2476 proxime
877 2419 929 2460 ad
972 2419 1256 2478 archetypum
1301 2423 1524 2473 accedere,
1559 2422 1610 2462 de

234 2631 379 2673 fuisse,
415 2630 576 2666 dubium
606 2643 684 2667 non
710 2636 768 2667 est
795 2632 931 2679 (etiam
957 2632 1005 2668 oh
1030 2633 1102 2679 P);
1142 2634 1208 2668 scd
1233 2633 1411 2669 mendum
1437 2639 1518 2674 cst3
1557 2635 1610 2669 ni-

232 2692 290 2728 hil
321 2697 402 2728 erat
426 2693 517 2728 novi
542 2697 581 2728 et
604 2692 812 2729 honorifici
837 2695 878 2728 in
904 2694 1062 2730 deorum
1087 2707 1268 2737 numero,
1293 2695 1361 2731 sed
1386 2696 1427 2730 in
1448 2697 1611 2736 dierum,

233 2765 305 2789 nec
330 2758 436 2790 certo
461 2754 622 2790 deorum
646 2767 805 2793 numero
829 2755 1063 2804 supplicatio
1090 2758 1390 2800 decernebatum
1418 2758 1610 2794 diversum

242 2820 299 2851 est
322 2816 614 2853 lectisternium,
