1821 3309
297 198 397 270 254

234 337 507 380 honestiores
541 343 766 388 separatos
811 335 964 386 fuisse,
1009 343 1051 375 et
1081 335 1213 376 sinml
1246 337 1287 376 in
1320 341 1407 376 una
1440 337 1697 392 praefectura
1727 351 1730 354 ·

232 417 403 459 Atinati
440 428 523 454 non
567 415 628 454 ita
660 428 821 469 paucos
852 414 989 455 fuisse
1024 414 1224 455 tribunos
1256 417 1449 456 aerarios.
1471 415 1503 468 ¹)

344 493 603 534 Cuiusmodi
632 494 766 548 igitur
801 493 914 534 hunc
946 491 1077 533 finem
1106 493 1243 534 fuisse
1273 494 1484 545 dicemus,
1514 495 1588 549 qui
1619 493 1699 534 ali-

233 583 339 630 quot
365 574 484 613 cives
511 571 565 613 ab
592 574 679 613 ima
712 571 838 628 plebe
869 574 1117 613 seiunxerit
1143 581 1186 612 et
1219 572 1439 628 equitibus
1471 574 1698 628 propiores

235 654 402 702 fecerit,
433 660 474 691 et
508 666 533 691 a
565 666 647 706 qua
679 666 725 692 re
757 652 1007 707 sumptum}
1038 650 1256 692 Nimirum
1289 651 1343 692 ab
1375 666 1443 702 ea,
1475 653 1599 692 cuius
1631 652 1699 690 vis

235 732 286 772 ad
315 731 538 771 hominum
568 730 742 770 ordines
774 730 1107 784 distinguendos
1137 731 1270 770 insita
1297 739 1389 770 erat
1420 732 1465 770 in
1499 728 1702 770 omnibus
1731 747 1739 749 ⁴

235 809 488 865 reipublicae
528 808 737 849 Romanae
778 809 1006 859 institutis,
1049 822 1143 863 quae
1188 810 1308 863 ipsos
1341 809 1510 863 equites
1542 808 1703 849 discer-

237 888 369 929 nebat
408 903 432 928 a
465 886 619 943 plebe,
652 901 745 942 quae
778 888 909 927 etiam
944 888 988 926 in
1019 886 1298 927 senatoribus
1341 886 1636 942 spectabatur,
1679 901 1704 927 a

237 967 440 1020 censu.2)
504 966 551 1006 Id
583 973 737 1020 praeter
765 965 890 1016 hanc,
922 979 1050 1020 quam
1082 965 1192 1016 dixi,
1222 967 1518 1006 institutorum
1551 964 1706 1006 simili—

238 1047 430 1087 tudinem
459 1044 548 1085 alia
570 1046 823 1084 testimonia
847 1045 1025 1084 minime
1054 1042 1238 1084 obscure
1269 1044 1477 1085 indicant.
1537 1042 1706 1084 Census

239 1126 500 1181 praecipuam
532 1125 575 1163 in
611 1122 827 1163 iudicibus
861 1122 1062 1177 legendis
1093 1124 1309 1163 rationein
1342 1122 1535 1163 habitam
1568 1122 1705 1162 fuisse

240 1204 306 1244 his
341 1205 447 1258 ipsis
490 1201 683 1255 legibus,
715 1200 871 1255 quibus
914 1200 1101 1241 tribunis
1144 1202 1309 1241 {erariis
1353 1214 1453 1253 pars
1487 1199 1706 1240 iudicandi

239 1281 444 1327 (labatur,
491 1281 676 1334 primum
721 1279 773 1318 (le
815 1278 1025 1332 Pompeia
1066 1278 1168 1332 lege
1202 1286 1386 1319 testatur
1421 1277 1536 1318 clare
1570 1277 1709 1318 Asco-

241 1362 363 1407 nius;
385 1360 419 1411 3)
452 1357 609 1398 deinde
641 1364 684 1395 et
717 1356 769 1395 de
798 1355 983 1396 Aurelia
1015 1364 1057 1395 et
1089 1356 1141 1395 de
1173 1356 1383 1410 Pompeia
1417 1354 1572 1396 Cicero
1603 1355 1705 1396 Phi-

239 1439 347 1493 lipp.
393 1436 428 1487 l,
471 1437 513 1486 8,
554 1435 606 1475 de
650 1433 833 1475 Antonii
875 1432 977 1489 lege
1008 1434 1173 1484 dicens,
1215 1448 1299 1488 qua
1330 1434 1383 1484 is,
1413 1441 1560 1488 spreto
1593 1436 1709 1474 omni

240 1531 376 1566 inore,
410 1515 688 1555 centuriones
721 1521 763 1553 et
799 1511 1097 1568 manipulares
1130 1525 1190 1552 ex
1224 1511 1402 1567 legione
1435 1511 1708 1553 Alaudarum

240 1596 292 1636 ad
326 1593 604 1634 iudicandum
641 1590 826 1632 vocabat
868 1599 910 1631 et
955 1605 1014 1631 ex
1052 1592 1104 1631 iis
1150 1591 1324 1631 tertiam
1358 1590 1578 1632 decuriam
1610 1605 1711 1632 con-

240 1671 465 1722 stituebat,
498 1685 591 1727 quae
618 1686 696 1725 pro
722 1668 909 1710 tribunis
941 1671 1123 1720 aerariis,
1155 1683 1263 1724 quos
1290 1667 1437 1709 Caesar
1458 1669 1712 1720 sustulerat,

240 1748 518 1791 senatoribus
560 1757 602 1790 et
643 1747 862 1804 equitibus
895 1747 1157 1788 adiiceretur
1175 1747 1231 1796 4).
1298 1746 1426 1796 Quod
1460 1757 1606 1789 autem
1640 1746 1711 1788 Ci-

269 1940 300 1983 ¹)
336 1937 556 1984 Municipes
593 1936 741 1971 Plaueii
782 1936 816 1969 ei
855 1936 1027 1970 faventes
1066 1936 1203 1971 Cicero
1243 1941 1533 1973 commemorat.
1584 1937 1638 1971 112·
1661 1942 1715 1971 tot

337 2001 481 2046 equites
508 2000 695 2039 Romani,
731 2004 786 2032 tot
812 1999 958 2032 tribuni
983 2000 1115 2032 oerarii
1150 2004 1255 2044 (nam
1278 2002 1419 2045 plebem
1447 2011 1471 2032 a
1497 1999 1636 2032 iudicio
1661 1999 1715 2033 di-

338 2062 527 2101 misinms,
565 2074 647 2107 quse
674 2066 814 2094 cuncta
839 2062 997 2094 comitiis
1024 2061 1185 2106 adfuist)
1211 2063 1305 2109 quid
1328 2062 1494 2100 roboris,
1532 2061 1627 2107 quid
1661 2051 1734 2094 dis

334 2123 497 2167 quitatis
523 2123 633 2154 huius
658 2122 837 2165 petitioni
860 2123 1104 2155 rettulerunt?

268 2184 301 2225 2)
343 2182 413 2215 Csr
450 2181 496 2215 de
523 2193 659 2215 census
687 2182 869 2215 senatorii
897 2182 1126 2228 antiquitate
1153 2182 1296 2228 Opuse.
1323 2185 1455 2216 nostra
1480 2180 1610 2225 priora
1626 2184 1716 2226 p.78

337 2248 375 2278 el:
401 2247 455 2276 79.

269 2307 302 2349 ³)
338 2304 400 2338 Ad
424 2304 669 2338 Pisonianam
694 2307 755 2344 39,
779 2306 847 2344 94;
881 2303 946 2336 vid
982 2315 1096 2350 supra
1121 2317 1157 2350 p.
1186 2306 1255 2337 245
1279 2309 1357 2338 not.
1388 2307 1417 2336 1.

268 2368 302 2409 ⁴)
339 2367 393 2399 At
429 2378 510 2412 quae
548 2371 603 2399 est
640 2366 715 2398 ista
742 2367 858 2399 tertia
885 2366 1072 2398 decuria?
1106 2386 1150 2391 —
1197 2366 1489 2405 Centau-ionum,
1514 2365 1644 2412 inquit.
1672 2383 1716 2390 —

341 2427 473 2472 Quid?
507 2428 572 2460 isti
603 2429 732 2461 ordini
765 2428 957 2461 indicatus
984 2428 1065 2471 1092
1091 2427 1218 2471 Iulia,
1253 2427 1366 2460 etiam
1402 2432 1494 2460 unte
1518 2426 1715 2471 Pompeia,

337 2489 498 2522 Aurelia
525 2501 600 2522 non
623 2490 810 2534 patebat?
834 2507 878 2512 —
909 2488 1052 2521 Census
1074 2489 1375 2534 prceliniebatur,
1402 2489 1536 2535 inquit.
1561 2506 1606 2514 —
1631 2487 1716 2521 Non

339 2551 553 2584 centurioni
589 2550 735 2596 quidem
771 2549 910 2589 solum,
952 2551 1021 2583 sed
1054 2551 1174 2595 equiti
1208 2551 1321 2583 etiam
1347 2550 1526 2584 Romano.
1577 2548 1715 2594 Itaque

338 2612 413 2643 υἰνί
432 2610 633 2654 fortissimi
657 2616 770 2654 atque
796 2611 1058 2654 honestissimi,
1093 2612 1158 2659 qui
1182 2612 1335 2647 ordines
1360 2611 1566 2648 duxerunt,
1592 2621 1654 2642 res
1680 2615 1715 2642 et

339 2672 513 2706 imlicant
539 2678 575 2706 et
601 2674 878 2709 indicaverunt.
934 2671 1049 2714 Quod
1075 2672 1189 2705 etiam
1212 2671 1297 2717 lege
1322 2671 1433 2710 Iulia,
1460 2681 1533 2715 qua
1559 2668 1632 2702 soli
1659 2679 1714 2702 se-

340 2738 493 2766 natores
521 2738 557 2766 et
583 2733 730 2779 equites
757 2732 883 2767 relicti
910 2732 1058 2767 iudices
1085 2737 1216 2773 eraut,
1262 2731 1508 2765 centuriones
1545 2729 1716 2764 iudicare

340 2793 448 2834 dicit,
472 2794 746 2838 intelliguntur
770 2794 1029 2834 centuriones,
1055 2794 1121 2840 qui
1147 2805 1266 2827 censu
1291 2792 1458 2839 equestri
1486 2797 1606 2827 erant.
1631 2791 1717 2825 Hoc

343 2853 464 2896 enini,
510 2866 585 2887 non
625 2866 720 2899 equo
747 2855 902 2899 publico
930 2855 969 2888 in
995 2855 1054 2888 his
1082 2854 1231 2899 legibus
1259 2859 1435 2900 equestre
1459 2864 1598 2888 nomen
1624 2851 1714 2887 defi-
