1821 3309
1474 180 1544 230 73

137 342 256 371 nere.
317 328 373 371 Et
407 337 577 378 tamen,
611 328 723 384 quod
757 337 799 368 et
830 327 1058 368 dic-endum
1091 334 1157 366 est
1189 339 1264 381 per
1295 338 1360 372 se,
1394 337 1446 363 ne
1480 321 1612 362 alior-

137 421 249 459 sum,
283 417 413 464 atque
442 408 644 457 velimus,
679 408 897 447 sententia
929 415 1077 446 nostra
1108 403 1436 458 interpretando
1469 400 1614 442 traba-

137 495 233 537 tur,
276 495 319 526 et
349 486 462 541 quod
499 484 689 525 libenter
723 498 792 524 res
823 485 875 524 ad
912 478 1162 524 univer'sam
1199 483 1251 522 de
1284 483 1437 522 formis
1470 494 1613 536 gram-

138 565 308 606 maticis
341 564 682 619 disputationem
707 565 976 618 pertinentes
1004 563 1278 617 attingimus,
1315 573 1493 616 prorsus
1511 569 1613 615 puto

139 641 404 684 elementum
438 642 564 693 illud,
597 644 720 683 cuius
753 643 998 682 adiectione
1031 657 1054 682 a
1087 641 1232 682 radice
1266 641 1398 681 distat
1415 638 1543 688 faxo
1573 647 1615 680 et

138 725 328 776 incepw,
360 722 471 763 addo
507 723 638 762 etiam
673 722 858 772 levasso,
896 721 1010 761 idem
1045 735 1142 761 esse
1179 729 1309 775 atque
1342 718 1466 767 illud,
1499 717 1613 773 quod

137 805 297 856 scripsi
350 810 392 841 et
446 815 540 857 quae
590 800 742 841 eodem
791 800 920 841 modo
973 800 1132 842 cadunt
1174 800 1392 855 perfecta,
1439 797 1616 839 habent.

138 880 225 923 Sed
258 880 340 922 hoc
370 894 389 920 s·
420 882 463 920 in
497 880 681 920 formam
717 883 833 920 iusso
870 894 954 920 uon
992 881 1113 920 venit
1141 893 1198 919 ex
1223 883 1346 929 iussi,
1379 878 1491 918 unde
1510 890 1615 918 sane

137 961 182 1000 in
215 963 383 1000 iussero
419 960 555 1009 venit,
591 973 670 998 nec
704 958 803 998 iude
835 957 1205 1013 significationem
1228 957 1438 997 traduxit.
1487 956 1615 1005 Quod

140 1037 269 1094 quale
305 1039 386 1088 sit,
420 1051 598 1091 possum
632 1037 819 1077 fortasse
856 1035 1002 1091 aliqua
1037 1050 1095 1075 ex
1131 1045 1251 1091 parte
1289 1036 1617 1089 comparatione

143 1117 396 1159 Graecarum
428 1116 667 1157 formarum
696 1116 944 1156 ostendere.
1009 1113 1121 1156 Nam
1156 1130 1285 1170 quum
1320 1116 1517 1155 maxime
1549 1113 1619 1154 lit-

139 1207 242 1238 terae
277 1212 302 1239 σ
333 1195 579 1237 adiectione
612 1211 635 1236 a
672 1196 817 1236 radice
850 1193 1053 1235 deflectat
1083 1195 1293 1245 futurum,
1327 1193 1437 1235 nihil
1471 1203 1616 1235 tamen

140 1291 192 1318 ea
223 1275 372 1317 littera
409 1300 464 1306 —-
506 1289 603 1316 esse
649 1284 793 1316 autem
840 1289 1016 1330 prorsus
1050 1274 1259 1325 eandem,
1313 1287 1398 1314 non
1434 1274 1619 1314 diversae

140 1338 352 1412 originis,
411 1355 602 1396 ostendit
655 1356 965 1395 convenientia
1017 1353 1152 1394 futuri
1197 1363 1239 1393 et
1281 1354 1433 1393 aoristi
1482 1354 1524 1392 in
1567 1367 1619 1393 ea

143 1433 385 1475 omittenda
426 1435 470 1474 in
513 1433 613 1474 aliis
646 1433 794 1474 verbis
825 1456 882 1464 —
913 1449 962 1474 ea
998 1434 1130 1488 igitur
1165 1447 1248 1472 non
1283 1432 1491 1486 impedit,
1534 1446 1619 1487 quo

143 1514 286 1554 minus
317 1515 462 1565 ἔτυψα
495 1514 703 1553 contrarii
729 1514 955 1568 temporis,
989 1513 1214 1567 praeteriti,
1248 1509 1618 1567 significationem

141 1593 341 1648 accipiat.
370 1592 401 1645 ¹)
462 1591 575 1633 Nam
606 1602 713 1642 tum,
746 1606 876 1647 quum
911 1591 1102 1631 nondum
1139 1599 1263 1631 eraut
1295 1591 1444 1631 formae
1477 1604 1620 1646 gratn—

143 1672 337 1722 maficae,
375 1671 450 1711 sed
485 1670 580 1712 fieri
614 1670 908 1725 incipiebant,
955 1684 1069 1723 saepe
1101 1669 1325 1710 accidebat
1356 1672 1620 1721 necessario,

143 1759 188 1791 ut
222 1750 273 1791 ad
311 1749 370 1800 id,
403 1749 515 1804 quod
550 1751 609 1789 ita
641 1750 834 1790 animum
870 1749 1034 1789 feriret.
1071 1757 1114 1787 ut
1148 1749 1411 1804 signandum
1449 1749 1622 1790 videre-

143 1839 236 1880 tur,
282 1827 407 1869 nulla
450 1837 594 1869 tamen
640 1830 785 1869 statim
831 1836 933 1882 apta
979 1836 1020 1867 et
1065 1836 1182 1867 certa
1224 1836 1327 1868 nota
1359 1838 1623 1877 occurreret,

143 1922 274 1965 quum
307 1909 552 1964 praesertim
585 1907 786 1948 homines
821 1909 961 1961 magis
994 1905 1178 1947 obscure
1210 1909 1440 1957 sentirent,
1474 1909 1624 1963 singu·

142 1987 234 2029 lare
266 1986 431 2042 aliquid
466 2000 559 2027 csse
593 1987 636 2026 iu
670 2000 722 2026 eo
759 1987 882 2034 viso,
934 1985 1047 2041 quod
1090 1987 1236 2026 animo
1269 1987 1550 2040 conciperent
1581 1995 1622 2026 et

143 2065 291 2122 eloqui
311 2064 494 2116 vellent,
526 2079 654 2121 quam
688 2066 761 2105 via
798 2073 839 2104 et
867 2066 1036 2105 ratione
1072 2066 1199 2119 sigua
1228 2073 1486 2120 quaerereut.
1536 2064 1623 2105 Ita-

143 2159 252 2202 que,
296 2153 344 2185 ut
375 2144 428 2185 ad
463 2144 532 2194 id,
577 2144 689 2199 quod
723 2145 922 2199 agimus,
972 2143 1054 2184 hoc
1089 2144 1443 2195 accommodem,
1491 2158 1622 2199 quum

143 2224 478 2279 conciperentur
509 2223 605 2263 visa
638 2223 857 2263 actionum
890 2231 1085 2277 tempore
1118 2222 1393 2263 diversarum
1434 2222 1620 2264 necdum

144 2311 292 2344 essent
325 2310 523 2358 tempora
559 2300 699 2352 verbi,
744 2303 787 2342 in
821 2303 874 2342 iis
911 2301 1199 2357 proferendis,
1231 2301 1427 2342 luctante
1462 2302 1624 2351 animo,

144 2389 190 2421 ut
220 2380 377 2422 saltem
409 2379 577 2435 aliquid
623 2394 648 2421 a
690 2379 1019 2435 simplicissima
1052 2382 1220 2422 ratione
1255 2381 1420 2421 diversi
1455 2378 1625 2436 signifi-

143 2467 277 2509 caret,
311 2457 617 2499 cumulabatur
648 2458 855 2508 elocutio,
888 2458 1054 2499 adscito
1086 2472 1202 2513 saepe
1234 2458 1312 2499 tali
1344 2458 1493 2514 aliquo
1536 2457 1626 2498 ele-

176 2678 203 2719 ¹)
239 2674 285 2710 ln
312 2672 512 2708 Sanscrita
540 2684 692 2720 quoque
721 2673 853 2720 lingua
880 2673 1067 2716 futurum,
1095 2673 1198 2721 quod
1225 2672 1436 2708 secundum
1463 2672 1627 2719 appella-

240 2740 316 2775 tur,
343 2734 485 2769 radicis
513 2736 643 2781 Itschip
672 2741 730 2770 cst
750 2736 1014 2784 kwheyzffdud,
1042 2736 1294 2783 praeteritum,
1320 2733 1423 2780 quod
1449 2744 1625 2779 augmen-

240 2800 363 2830 tatum
387 2795 624 2833 multiforme
650 2802 850 2839 vocarunt,
877 2797 1059 2846 quodque
1084 2798 1228 2833 aoristo
1256 2797 1380 2845 primo
1407 2794 1626 2843 respondet-

242 2857 517 2903 akselnan'psam.
