1821 3309
1426 190 1526 242 373

119 344 265 378 tamen
291 337 528 394 corrigere,
551 336 635 377 nisi
666 334 778 392 quod
798 333 1152 392 interpolationis
1173 333 1366 376 sublatio
1389 334 1595 377 emenda-

119 417 253 457 tionis
283 417 456 458 initium
482 424 562 458 est.
628 415 781 472 Itaque
807 415 891 463 his,
925 429 1033 471 quos
1058 413 1290 456 emendare
1316 416 1454 471 potui,
1482 413 1593 456 locis

119 497 319 552 quintum
346 496 499 537 addam
528 510 586 537 ex
614 494 695 536 hoc
720 496 863 537 minus
888 493 989 536 laeto
1014 509 1192 551 genere.
1251 493 1364 536 Nam
1389 510 1425 537 c.
1445 496 1517 545 24,
1537 496 1594 535 49

122 576 266 617 editur
309 590 423 617 nunc
466 574 520 616 ab
553 574 772 627 omnibus,
807 589 861 616 ne
897 576 1111 616 varietate
1143 574 1318 630 quidem
1352 573 1445 616 ulla
1476 574 1593 631 apud

121 653 341 697 Orellium
366 663 441 696 aut
467 653 801 697 Steintnetzium
834 654 1064 696 adnotata:
1102 652 1276 695 Etenim
1300 660 1344 695 te
1367 658 1592 710 inquirere

119 733 344 787 videbant,
388 738 554 776 tristem
599 738 756 791 ipsum,
798 740 989 775 ‘nme-clos
1022 738 1209 783 malms,-
1247 733 1590 782 observationes,

117 813 481 868 testificationes,
524 815 800 856 seductiones
839 819 1027 864 testium,
1073 818 1355 855 secesse'onem
1403 813 1592 856 subscri-

111 899 288 950 ptorum
319 894 757 944 am’maclverlebwtt5
795 894 949 951 quibus
989 893 1118 935 rebus
1163 899 1281 934 certe
1318 897 1411 949 ipsi
1440 894 1592 935 camli-

117 973 317 1016 datorum
350 976 494 1017 vultus
530 974 801 1016 obscuriores
835 974 983 1015 viden·
1011 975 1165 1015 solent.
1230 973 1274 1015 V
1280 972 1397 1014 ultus
1441 973 1590 1015 candi-

116 1052 316 1096 datorum
349 1054 419 1096 his
450 1053 598 1106 rebus,
632 1069 726 1111 qum
759 1062 1086 1103 enumerantur,
1119 1067 1261 1109 neque
1296 1054 1444 1094 tristes
1480 1051 1591 1093 fiunt

114 1147 258 1190 neque
289 1134 528 1185 videntur,-
559 1134 635 1175 sed
668 1143 711 1175 et
744 1148 804 1175 ex
840 1133 908 1174 his
943 1132 1075 1174 rebus
1104 1141 1146 1173 et
1179 1147 1240 1174 ex
1272 1131 1423 1173 vultus
1455 1133 1591 1173 tristi·

113 1214 191 1265 tia,
222 1227 316 1270 quae
354 1214 449 1270 ipsa
479 1227 558 1270 per
600 1228 647 1254 se
679 1213 1059 1264 animadvertitur,
1105 1226 1190 1253 non
1235 1210 1413 1253 aliunde
1445 1213 1591 1253 conie-

113 1299 270 1345 ctatur,
303 1293 496 1348 suspicio
528 1294 698 1350 capitur
739 1294 833 1350 spei
864 1295 1120 1334 imminutae.
1186 1290 1340 1348 Itaque
1371 1292 1592 1333 sententia

111 1386 326 1429 perversa
358 1380 442 1421 est,
485 1386 627 1429 neque
674 1375 818 1415 minus
854 1375 1019 1423 orati03
1062 1386 1162 1413 nam
1197 1370 1404 1413 obscurus
1437 1370 1589 1413 vultus

111 1466 192 1508 pro
226 1453 341 1493 tristi
372 1467 423 1494 ac
453 1452 645 1494 demisso
678 1468 819 1510 neque
851 1453 1010 1494 dicitur
1051 1467 1193 1509 neque
1228 1451 1315 1493 dici
1346 1459 1517 1508 potest3
1549 1452 1587 1492 si

113 1531 348 1585 diceretur,
380 1531 708 1589 significaretur
740 1535 777 1575 is
810 1533 972 1579 vultus.
1005 1535 1076 1590 qui
1111 1533 1247 1574 animi
1279 1530 1465 1572 consilia
1500 1545 1588 1572 non

112 1611 332 1669 proderet.
410 1611 576 1655 Verum
620 1612 777 1656 horum
819 1613 1020 1655 vultuum
1066 1615 1108 1654 in
1153 1610 1376 1654 codicibus
1417 1609 1588 1652 nullum

111 1693 343 1735 minimum
387 1694 625 1750 vestigium
666 1703 748 1747 est,
794 1694 870 1736 scd
905 1696 966 1737 ita
1001 1692 1136 1736 verba
1166 1691 1437 1734 scribuntur:
1470 1697 1588 1732 cerle

111 1775 206 1828 ipsu·
234 1772 571 1815 candidatorum
607 1773 833 1816 ohscurior
867 1778 912 1816 ei
952 1775 1032 1829 (sic
1061 1776 1090 1816 5
1127 1773 1270 1826 Oxx„
1312 1786 1336 1813 c
1366 1780 1497 1813 sexto
1532 1771 1586 1812 ad

112 1850 388 1894 obscuriores
426 1852 535 1895 nihil
578 1863 645 1896 cst
689 1855 905 1909 notatum)
934 1854 1082 1896 videri
1108 1855 1220 1895 solet
1257 1854 1316 1908 (4,
1358 1867 1382 1894 e
1415 1851 1585 1894 duobus

112 1930 225 1973 nihil
259 1941 457 1975 notatum
498 1933 551 1976 ad
587 1935 767 1990 solent).
832 1935 953 1976 Idem
996 1936 1098 1992 quin
1139 1936 1185 1976 in
1219 1934 1397 1975 Gruteri
1440 1933 1586 1975 Stein-

113 2013 350 2070 metziique
380 2012 603 2056 codicibus
635 2014 785 2066 fuerit,
817 2015 941 2057 nulla
977 2025 1042 2057 cst
1073 2013 1303 2056 dubitatio.

589 2357 892 2386 ——-==>*O*
898 2358 1107 2384 w*
