<?xml version="1.0" encoding="UTF-8"?>
<!DOCTYPE html PUBLIC "-//W3C//DTD XHTML 1.0 Transitional//EN"
    "http://www.w3.org/TR/xhtml1/DTD/xhtml1-transitional.dtd">
<html xmlns="http://www.w3.org/1999/xhtml" xml:lang="en" lang="en">
 <head>
  <title>
</title>
<meta http-equiv="Content-Type" content="text/html;charset=utf-8" />
  <meta name='ocr-system' content='tesseract 3.04.00' />
  <meta name='ocr-capabilities' content='ocr_page ocr_carea ocr_par ocr_line ocrx_word'/>
</head>
<body>
  <div class='ocr_page' id='page_1' title='image "./ionicolaimadvigi02madvuoft_0096.png"; bbox 0 0 1821 3309; ppageno 0'>
   <div class='ocr_carea' id='block_1_1' title="bbox 251 219 320 270">
    <p class='ocr_par' dir='ltr' id='par_1_1' title="bbox 251 219 320 270">
     <span class='ocr_line' id='line_1_1' title="bbox 251 219 320 270; baseline -0.029 0"><span class='ocrx_word' id='word_1_1' title='bbox 251 219 320 270; x_wconf 69' lang='lat'><strong>84</strong></span> 
     </span>
    </p>
   </div>
   <div class='ocr_carea' id='block_1_2' title="bbox 178 357 1660 1439">
    <p class='ocr_par' dir='ltr' id='par_1_2' title="bbox 178 357 1660 1439">
     <span class='ocr_line' id='line_1_2' title="bbox 185 357 1660 415; baseline -0.002 -11"><span class='ocrx_word' id='word_1_2' title='bbox 185 363 472 410; x_wconf 78' lang='lat' dir='ltr'><strong>obversetur,</strong></span> <span class='ocrx_word' id='word_1_3' title='bbox 527 373 712 415; x_wconf 81' lang='lat' dir='ltr'><strong>quocum</strong></span> <span class='ocrx_word' id='word_1_4' title='bbox 756 357 795 400; x_wconf 78' lang='lat' dir='ltr'><strong>si</strong></span> <span class='ocrx_word' id='word_1_5' title='bbox 828 364 1160 413; x_wconf 79' lang='lat' dir='ltr'>comparentur,</span> <span class='ocrx_word' id='word_1_6' title='bbox 1211 358 1530 414; x_wconf 73' lang='lat' dir='ltr'><strong>praeteritarum</strong></span> <span class='ocrx_word' id='word_1_7' title='bbox 1561 371 1660 415; x_wconf 83' lang='lat' dir='ltr'><strong>spe-</strong></span> 
     </span>
     <span class='ocr_line' id='line_1_3' title="bbox 184 437 1660 495; baseline -0.003 -13"><span class='ocrx_word' id='word_1_8' title='bbox 184 441 296 482; x_wconf 88' lang='lat' dir='ltr'><strong>ciem</strong></span> <span class='ocrx_word' id='word_1_9' title='bbox 330 438 550 488; x_wconf 79' lang='lat' dir='ltr'>habeant,</span> <span class='ocrx_word' id='word_1_10' title='bbox 601 441 644 480; x_wconf 90' lang='lat' dir='ltr'><strong>in</strong></span> <span class='ocrx_word' id='word_1_11' title='bbox 690 447 873 495; x_wconf 79' lang='lat' dir='ltr'><strong>uti-aque</strong></span> <span class='ocrx_word' id='word_1_12' title='bbox 908 438 1081 479; x_wconf 86' lang='lat' dir='ltr'><strong>actione</strong></span> <span class='ocrx_word' id='word_1_13' title='bbox 1112 437 1304 479; x_wconf 86' lang='lat' dir='ltr'><strong>notanda</strong></span> <span class='ocrx_word' id='word_1_14' title='bbox 1330 437 1482 479; x_wconf 84' lang='lat' dir='ltr'><strong>Latini</strong></span> <span class='ocrx_word' id='word_1_15' title='bbox 1512 437 1660 479; x_wconf 79' lang='lat' dir='ltr'><strong>futuro</strong></span> 
     </span>
     <span class='ocr_line' id='line_1_4' title="bbox 184 517 1659 574; baseline -0.001 -14"><span class='ocrx_word' id='word_1_16' title='bbox 184 527 345 561; x_wconf 77' lang='lat' dir='ltr'><strong>exacto</strong></span> <span class='ocrx_word' id='word_1_17' title='bbox 375 526 569 558; x_wconf 81' lang='lat' dir='ltr'><strong>utuntur.</strong></span> <span class='ocrx_word' id='word_1_18' title='bbox 633 518 703 559; x_wconf 80' lang='lat' dir='ltr'><strong>Pit</strong></span> <span class='ocrx_word' id='word_1_19' title='bbox 722 526 867 558; x_wconf 86' lang='lat' dir='ltr'><strong>autem</strong></span> <span class='ocrx_word' id='word_1_20' title='bbox 897 517 940 558; x_wconf 92' lang='lat' dir='ltr'><strong>id</strong></span> <span class='ocrx_word' id='word_1_21' title='bbox 962 526 1066 569; x_wconf 85' lang='lat' dir='ltr'><strong>tum,</strong></span> <span class='ocrx_word' id='word_1_22' title='bbox 1099 532 1232 574; x_wconf 88' lang='lat' dir='ltr'><strong>quum</strong></span> <span class='ocrx_word' id='word_1_23' title='bbox 1263 518 1328 558; x_wconf 87' lang='lat' dir='ltr'><strong>rei</strong></span> <span class='ocrx_word' id='word_1_24' title='bbox 1358 517 1516 559; x_wconf 81' lang='lat' dir='ltr'><strong>futurae</strong></span> <span class='ocrx_word' id='word_1_25' title='bbox 1544 531 1659 558; x_wconf 77' lang='lat' dir='ltr'><strong>coin-</strong></span> 
     </span>
     <span class='ocr_line' id='line_1_5' title="bbox 181 595 1659 652; baseline -0.003 -12"><span class='ocrx_word' id='word_1_26' title='bbox 181 598 492 641; x_wconf 84' lang='lat' dir='ltr'><strong>memorationi</strong></span> <span class='ocrx_word' id='word_1_27' title='bbox 524 597 804 652; x_wconf 81' lang='lat' dir='ltr'><strong>adiungimus</strong></span> <span class='ocrx_word' id='word_1_28' title='bbox 836 595 1018 637; x_wconf 85' lang='lat' dir='ltr'><strong>alterius</strong></span> <span class='ocrx_word' id='word_1_29' title='bbox 1046 595 1420 652; x_wconf 85' lang='lat' dir='ltr'><strong>significationem</strong></span> <span class='ocrx_word' id='word_1_30' title='bbox 1447 597 1494 637; x_wconf 88' lang='lat' dir='ltr'><strong>in</strong></span> <span class='ocrx_word' id='word_1_31' title='bbox 1525 610 1578 637; x_wconf 84' lang='lat' dir='ltr'><strong>ea</strong></span> <span class='ocrx_word' id='word_1_32' title='bbox 1597 596 1659 636; x_wconf 87' lang='lat' dir='ltr'><strong>sic</strong></span> 
     </span>
     <span class='ocr_line' id='line_1_6' title="bbox 179 674 1658 732; baseline -0.002 -13"><span class='ocrx_word' id='word_1_33' title='bbox 179 677 377 726; x_wconf 72' lang='lat' dir='ltr'><strong>inclusae,</strong></span> <span class='ocrx_word' id='word_1_34' title='bbox 412 684 458 715; x_wconf 89' lang='lat' dir='ltr'><strong>ut</strong></span> <span class='ocrx_word' id='word_1_35' title='bbox 488 674 619 715; x_wconf 78' lang='lat' dir='ltr'><strong>simul</strong></span> <span class='ocrx_word' id='word_1_36' title='bbox 655 689 750 715; x_wconf 88' lang='lat' dir='ltr'><strong>cum</strong></span> <span class='ocrx_word' id='word_1_37' title='bbox 785 690 837 717; x_wconf 81' lang='lat' dir='ltr'><strong>ea</strong></span> <span class='ocrx_word' id='word_1_38' title='bbox 866 677 937 727; x_wconf 77' lang='lat' dir='ltr'><strong>sit,</strong></span> <span class='ocrx_word' id='word_1_39' title='bbox 969 686 1045 716; x_wconf 86' lang='lat' dir='ltr'><strong>aut</strong></span> <span class='ocrx_word' id='word_1_40' title='bbox 1069 677 1329 727; x_wconf 82' lang='lat' dir='ltr'><strong>iudicantes,</strong></span> <span class='ocrx_word' id='word_1_41' title='bbox 1365 674 1508 732; x_wconf 84' lang='lat' dir='ltr'><strong>qualis</strong></span> <span class='ocrx_word' id='word_1_42' title='bbox 1540 676 1658 731; x_wconf 80' lang='lat' dir='ltr'><strong>prior</strong></span> 
     </span>
     <span class='ocr_line' id='line_1_7' title="bbox 180 753 1658 810; baseline -0.001 -13"><span class='ocrx_word' id='word_1_43' title='bbox 180 755 288 806; x_wconf 83' lang='lat' dir='ltr'><strong>illa,</strong></span> <span class='ocrx_word' id='word_1_44' title='bbox 352 768 484 810; x_wconf 85' lang='lat' dir='ltr'><strong>quum</strong></span> <span class='ocrx_word' id='word_1_45' title='bbox 525 753 718 808; x_wconf 80' lang='lat' dir='ltr'><strong>perfecta</strong></span> <span class='ocrx_word' id='word_1_46' title='bbox 766 753 922 805; x_wconf 81' lang='lat' dir='ltr'><strong>fuerit,</strong></span> <span class='ocrx_word' id='word_1_47' title='bbox 971 757 1225 810; x_wconf 80' lang='lat' dir='ltr'>apparitura</span> <span class='ocrx_word' id='word_1_48' title='bbox 1266 756 1349 806; x_wconf 82' lang='lat' dir='ltr'><strong>sit,</strong></span> <span class='ocrx_word' id='word_1_49' title='bbox 1395 754 1556 810; x_wconf 79' lang='lat' dir='ltr'><strong>quidve</strong></span> <span class='ocrx_word' id='word_1_50' title='bbox 1606 768 1658 795; x_wconf 78' lang='lat' dir='ltr'><strong>ea</strong></span> 
     </span>
     <span class='ocr_line' id='line_1_8' title="bbox 181 833 1656 888; baseline -0.002 -11"><span class='ocrx_word' id='word_1_51' title='bbox 181 836 386 878; x_wconf 85' lang='lat' dir='ltr'><strong>effectum</strong></span> <span class='ocrx_word' id='word_1_52' title='bbox 419 834 573 876; x_wconf 78' lang='lat' dir='ltr'><strong>datura</strong></span> <span class='ocrx_word' id='word_1_53' title='bbox 607 834 686 882; x_wconf 84' lang='lat' dir='ltr'><strong>sit,</strong></span> <span class='ocrx_word' id='word_1_54' title='bbox 724 840 798 873; x_wconf 85' lang='lat' dir='ltr'><strong>aut</strong></span> <span class='ocrx_word' id='word_1_55' title='bbox 831 834 1139 884; x_wconf 81' lang='lat' dir='ltr'><strong>ostendentes,</strong></span> <span class='ocrx_word' id='word_1_56' title='bbox 1172 833 1275 888; x_wconf 89' lang='lat' dir='ltr'><strong>quid</strong></span> <span class='ocrx_word' id='word_1_57' title='bbox 1311 847 1370 873; x_wconf 85' lang='lat' dir='ltr'><strong>ex</strong></span> <span class='ocrx_word' id='word_1_58' title='bbox 1407 847 1459 874; x_wconf 88' lang='lat' dir='ltr'><strong>ea</strong></span> <span class='ocrx_word' id='word_1_59' title='bbox 1493 835 1553 874; x_wconf 87' lang='lat' dir='ltr'><strong>ita</strong></span> <span class='ocrx_word' id='word_1_60' title='bbox 1587 847 1656 874; x_wconf 85' lang='lat' dir='ltr'><strong>se-</strong></span> 
     </span>
     <span class='ocr_line' id='line_1_9' title="bbox 180 910 1659 972; baseline -0.003 -16"><span class='ocrx_word' id='word_1_61' title='bbox 180 924 364 972; x_wconf 84' lang='lat' dir='ltr'><strong>quatur,</strong></span> <span class='ocrx_word' id='word_1_62' title='bbox 422 922 468 954; x_wconf 90' lang='lat' dir='ltr'><strong>ut</strong></span> <span class='ocrx_word' id='word_1_63' title='bbox 508 914 595 952; x_wconf 82' lang='lat' dir='ltr'><strong>iam</strong></span> <span class='ocrx_word' id='word_1_64' title='bbox 638 910 772 952; x_wconf 86' lang='lat' dir='ltr'><strong>simul</strong></span> <span class='ocrx_word' id='word_1_65' title='bbox 814 926 911 952; x_wconf 74' lang='lat' dir='ltr'><strong>cuin</strong></span> <span class='ocrx_word' id='word_1_66' title='bbox 945 913 1041 968; x_wconf 82' lang='lat' dir='ltr'><strong>ipsa</strong></span> <span class='ocrx_word' id='word_1_67' title='bbox 1081 912 1428 953; x_wconf 79' lang='lat' dir='ltr'><strong>existimandum</strong></span> <span class='ocrx_word' id='word_1_68' title='bbox 1475 912 1532 952; x_wconf 86' lang='lat' dir='ltr'><strong>sit</strong></span> <span class='ocrx_word' id='word_1_69' title='bbox 1564 925 1659 967; x_wconf 86' lang='lat' dir='ltr'><strong>per-</strong></span> 
     </span>
     <span class='ocr_line' id='line_1_10' title="bbox 178 989 1657 1045; baseline -0.004 -9"><span class='ocrx_word' id='word_1_70' title='bbox 178 995 356 1036; x_wconf 76' lang='lat' dir='ltr'><strong>fectum.</strong></span> <span class='ocrx_word' id='word_1_71' title='bbox 423 990 506 1045; x_wconf 65' lang='lat' dir='ltr'><strong>(Si</strong></span> <span class='ocrx_word' id='word_1_72' title='bbox 534 990 796 1040; x_wconf 73' lang='lat' dir='ltr'><strong>idfecere’S,</strong></span> <span class='ocrx_word' id='word_1_73' title='bbox 837 996 955 1031; x_wconf 79' lang='lat' dir='ltr'><strong>recle</strong></span> <span class='ocrx_word' id='word_1_74' title='bbox 981 990 1183 1040; x_wconf 74' lang='lat' dir='ltr'><strong>fecerae‘s,·</strong></span> <span class='ocrx_word' id='word_1_75' title='bbox 1231 995 1273 1031; x_wconf 70' lang='grc' dir='ltr'><strong>ει·</strong></span> <span class='ocrx_word' id='word_1_76' title='bbox 1305 990 1420 1032; x_wconf 70' lang='grc' dir='ltr'><strong>ι’][ιιιί</strong></span> <span class='ocrx_word' id='word_1_77' title='bbox 1452 989 1657 1041; x_wconf 67' lang='lat' dir='ltr'><strong>effecero,</strong></span> 
     </span>
     <span class='ocr_line' id='line_1_11' title="bbox 181 1068 1656 1124; baseline -0.003 -10"><span class='ocrx_word' id='word_1_78' title='bbox 181 1073 313 1114; x_wconf 77' lang='lat' dir='ltr'><strong>simul</strong></span> <span class='ocrx_word' id='word_1_79' title='bbox 354 1070 433 1112; x_wconf 78' lang='lat' dir='ltr'><strong>hoc</strong></span> <span class='ocrx_word' id='word_1_80' title='bbox 473 1074 645 1117; x_wconf 75' lang='lat' dir='ltr'><strong>ve‘cer03</strong></span> <span class='ocrx_word' id='word_1_81' title='bbox 686 1072 728 1109; x_wconf 71' lang='grc' dir='ltr'><strong>εἰ</strong></span> <span class='ocrx_word' id='word_1_82' title='bbox 756 1083 899 1109; x_wconf 81' lang='lat' dir='ltr'><strong>arcem</strong></span> <span class='ocrx_word' id='word_1_83' title='bbox 935 1074 1155 1123; x_wconf 74' lang='lat' dir='ltr'><strong>cepere&#39;te&#39;s,</strong></span> <span class='ocrx_word' id='word_1_84' title='bbox 1187 1076 1322 1111; x_wconf 74' lang='lat' dir='ltr'><strong>totum</strong></span> <span class='ocrx_word' id='word_1_85' title='bbox 1355 1068 1500 1110; x_wconf 80' lang='lat' dir='ltr'><strong>urbem</strong></span> <span class='ocrx_word' id='word_1_86' title='bbox 1533 1082 1656 1124; x_wconf 84' lang='lat' dir='ltr'><strong>cepe-</strong></span> 
     </span>
     <span class='ocr_line' id='line_1_12' title="bbox 180 1146 1656 1204; baseline -0.003 -12"><span class='ocrx_word' id='word_1_87' title='bbox 180 1154 314 1204; x_wconf 66' lang='lat' dir='ltr'><strong>retis.)</strong></span> <span class='ocrx_word' id='word_1_88' title='bbox 392 1149 520 1191; x_wconf 78' lang='lat' dir='ltr'><strong>Hunc</strong></span> <span class='ocrx_word' id='word_1_89' title='bbox 564 1163 687 1189; x_wconf 85' lang='lat' dir='ltr'><strong>usum</strong></span> <span class='ocrx_word' id='word_1_90' title='bbox 737 1147 871 1189; x_wconf 80' lang='lat' dir='ltr'><strong>futuri</strong></span> <span class='ocrx_word' id='word_1_91' title='bbox 917 1149 1090 1199; x_wconf 78' lang='lat' dir='ltr'><strong>exacti,</strong></span> <span class='ocrx_word' id='word_1_92' title='bbox 1131 1150 1322 1204; x_wconf 80' lang='lat' dir='ltr'><strong>positum</strong></span> <span class='ocrx_word' id='word_1_93' title='bbox 1367 1149 1410 1188; x_wconf 88' lang='lat' dir='ltr'><strong>in</strong></span> <span class='ocrx_word' id='word_1_94' title='bbox 1454 1146 1656 1188; x_wconf 76' lang='lat' dir='ltr'><strong>notandis</strong></span> 
     </span>
     <span class='ocr_line' id='line_1_13' title="bbox 179 1224 1654 1283; baseline -0.004 -11"><span class='ocrx_word' id='word_1_95' title='bbox 179 1229 426 1272; x_wconf 81' lang='lat' dir='ltr'><strong>actionibus</strong></span> <span class='ocrx_word' id='word_1_96' title='bbox 459 1229 646 1279; x_wconf 83' lang='lat' dir='ltr'><strong>futuris,</strong></span> <span class='ocrx_word' id='word_1_97' title='bbox 683 1226 798 1283; x_wconf 88' lang='lat' dir='ltr'><strong>quod</strong></span> <span class='ocrx_word' id='word_1_98' title='bbox 834 1227 887 1267; x_wconf 82' lang='lat' dir='ltr'><strong>ad</strong></span> <span class='ocrx_word' id='word_1_99' title='bbox 921 1224 1055 1268; x_wconf 88' lang='lat' dir='ltr'><strong>finem</strong></span> <span class='ocrx_word' id='word_1_100' title='bbox 1090 1228 1271 1278; x_wconf 77' lang='lat' dir='ltr'>attinet,</span> <span class='ocrx_word' id='word_1_101' title='bbox 1317 1236 1512 1282; x_wconf 85' lang='lat' dir='ltr'><strong>tempore</strong></span> <span class='ocrx_word' id='word_1_102' title='bbox 1542 1226 1654 1282; x_wconf 83' lang='lat' dir='ltr'><strong>pari·</strong></span> 
     </span>
     <span class='ocr_line' id='line_1_14' title="bbox 179 1304 1657 1363; baseline -0.003 -14"><span class='ocrx_word' id='word_1_103' title='bbox 179 1310 279 1358; x_wconf 84' lang='lat' dir='ltr'><strong>bus,</strong></span> <span class='ocrx_word' id='word_1_104' title='bbox 311 1309 384 1363; x_wconf 85' lang='lat' dir='ltr'><strong>qui</strong></span> <span class='ocrx_word' id='word_1_105' title='bbox 414 1321 470 1347; x_wconf 84' lang='lat' dir='ltr'><strong>ex</strong></span> <span class='ocrx_word' id='word_1_106' title='bbox 509 1308 648 1362; x_wconf 84' lang='lat' dir='ltr'><strong>prima</strong></span> <span class='ocrx_word' id='word_1_107' title='bbox 680 1307 858 1347; x_wconf 84' lang='lat' dir='ltr'><strong>notione</strong></span> <span class='ocrx_word' id='word_1_108' title='bbox 892 1307 985 1346; x_wconf 87' lang='lat' dir='ltr'><strong>eius</strong></span> <span class='ocrx_word' id='word_1_109' title='bbox 1020 1305 1169 1346; x_wconf 76' lang='lat' dir='ltr'><strong>formae</strong></span> <span class='ocrx_word' id='word_1_110' title='bbox 1202 1304 1409 1346; x_wconf 78' lang='lat' dir='ltr'><strong>facillime</strong></span> <span class='ocrx_word' id='word_1_111' title='bbox 1442 1307 1580 1347; x_wconf 88' lang='lat' dir='ltr'><strong>oritur</strong></span> <span class='ocrx_word' id='word_1_112' title='bbox 1614 1313 1657 1346; x_wconf 87' lang='lat' dir='ltr'><strong>et</strong></span> 
     </span>
     <span class='ocr_line' id='line_1_15' title="bbox 180 1383 1656 1439; baseline -0.001 -12"><span class='ocrx_word' id='word_1_113' title='bbox 180 1389 260 1428; x_wconf 87' lang='lat' dir='ltr'><strong>vix</strong></span> <span class='ocrx_word' id='word_1_114' title='bbox 305 1384 358 1426; x_wconf 86' lang='lat' dir='ltr'><strong>ab</strong></span> <span class='ocrx_word' id='word_1_115' title='bbox 406 1399 459 1425; x_wconf 83' lang='lat' dir='ltr'><strong>ea</strong></span> <span class='ocrx_word' id='word_1_116' title='bbox 505 1385 711 1435; x_wconf 79' lang='lat' dir='ltr'><strong>discedit,</strong></span> <span class='ocrx_word' id='word_1_117' title='bbox 763 1398 892 1439; x_wconf 88' lang='lat' dir='ltr'><strong>quum</strong></span> <span class='ocrx_word' id='word_1_118' title='bbox 940 1386 1189 1436; x_wconf 77' lang='lat' dir='ltr'><strong>superiores</strong></span> <span class='ocrx_word' id='word_1_119' title='bbox 1231 1385 1374 1424; x_wconf 88' lang='lat' dir='ltr'><strong>minus</strong></span> <span class='ocrx_word' id='word_1_120' title='bbox 1419 1383 1529 1425; x_wconf 88' lang='lat' dir='ltr'><strong>bene</strong></span> <span class='ocrx_word' id='word_1_121' title='bbox 1569 1392 1656 1426; x_wconf 84' lang='lat' dir='ltr'><strong>tra·</strong></span> 
     </span>
    </p>
   </div>
   <div class='ocr_carea' id='block_1_3' title="bbox 178 1459 1656 1520">
    <p class='ocr_par' dir='ltr' id='par_1_3' title="bbox 178 1459 1656 1520">
     <span class='ocr_line' id='line_1_16' title="bbox 178 1459 1656 1520; baseline -0.003 -13"><span class='ocrx_word' id='word_1_122' title='bbox 178 1467 445 1513; x_wconf 85' lang='lat' dir='ltr'><strong>ctavisseut,</strong></span> <span class='ocrx_word' id='word_1_123' title='bbox 495 1464 612 1520; x_wconf 84' lang='lat' dir='ltr'><strong>Aug.</strong></span> <span class='ocrx_word' id='word_1_124' title='bbox 648 1462 901 1504; x_wconf 76' lang='lat' dir='ltr'><strong>Matthiaeus</strong></span> <span class='ocrx_word' id='word_1_125' title='bbox 935 1461 1004 1516; x_wconf 81' lang='lat' dir='ltr'><strong>(eo</strong></span> <span class='ocrx_word' id='word_1_126' title='bbox 1035 1459 1159 1513; x_wconf 82' lang='lat' dir='ltr'><strong>loco,</strong></span> <span class='ocrx_word' id='word_1_127' title='bbox 1207 1477 1334 1518; x_wconf 87' lang='lat' dir='ltr'><strong>quem</strong></span> <span class='ocrx_word' id='word_1_128' title='bbox 1379 1461 1510 1518; x_wconf 84' lang='lat' dir='ltr'><strong>paulo</strong></span> <span class='ocrx_word' id='word_1_129' title='bbox 1555 1469 1656 1503; x_wconf 82' lang='lat' dir='ltr'><strong>ante</strong></span> 
     </span>
    </p>
   </div>
   <div class='ocr_carea' id='block_1_4' title="bbox 188 1562 1657 3031">
    <p class='ocr_par' dir='ltr' id='par_1_4' title="bbox 269 1562 1653 1673">
     <span class='ocr_line' id='line_1_17' title="bbox 271 1562 1648 1611; baseline -0.002 -11"><span class='ocrx_word' id='word_1_130' title='bbox 271 1570 388 1601; x_wconf 79' lang='lat' dir='ltr'><strong>tatem</strong></span> <span class='ocrx_word' id='word_1_131' title='bbox 415 1576 498 1599; x_wconf 85' lang='lat' dir='ltr'><strong>esse</strong></span> <span class='ocrx_word' id='word_1_132' title='bbox 525 1563 782 1611; x_wconf 78' lang='lat' dir='ltr'><strong>scriptoribus</strong></span> <span class='ocrx_word' id='word_1_133' title='bbox 813 1563 865 1597; x_wconf 81' lang='lat' dir='ltr'><strong>ita</strong></span> <span class='ocrx_word' id='word_1_134' title='bbox 890 1563 1088 1610; x_wconf 76' lang='lat' dir='ltr'><strong>loquendi,</strong></span> <span class='ocrx_word' id='word_1_135' title='bbox 1115 1568 1158 1597; x_wconf 87' lang='lat' dir='ltr'><strong>ut</strong></span> <span class='ocrx_word' id='word_1_136' title='bbox 1184 1575 1245 1598; x_wconf 90' lang='lat' dir='ltr'><strong>rcs</strong></span> <span class='ocrx_word' id='word_1_137' title='bbox 1273 1574 1313 1598; x_wconf 91' lang='lat' dir='ltr'><strong>se</strong></span> <span class='ocrx_word' id='word_1_138' title='bbox 1344 1564 1471 1598; x_wconf 84' lang='lat' dir='ltr'><strong>animo</strong></span> <span class='ocrx_word' id='word_1_139' title='bbox 1499 1562 1648 1597; x_wconf 84' lang='lat' dir='ltr'><strong>obtule-</strong></span> 
     </span>
     <span class='ocr_line' id='line_1_18' title="bbox 269 1624 1653 1673; baseline -0.003 -11"><span class='ocrx_word' id='word_1_140' title='bbox 269 1628 363 1669; x_wconf 81' lang='lat' dir='ltr'><strong>rint,</strong></span> <span class='ocrx_word' id='word_1_141' title='bbox 389 1638 459 1662; x_wconf 88' lang='lat' dir='ltr'><strong>nec</strong></span> <span class='ocrx_word' id='word_1_142' title='bbox 487 1626 609 1661; x_wconf 89' lang='lat' dir='ltr'><strong>multo</strong></span> <span class='ocrx_word' id='word_1_143' title='bbox 639 1625 810 1660; x_wconf 85' lang='lat' dir='ltr'><strong>Ernestii</strong></span> <span class='ocrx_word' id='word_1_144' title='bbox 839 1637 981 1666; x_wconf 73' lang='lat' dir='ltr'><strong>errore,</strong></span> <span class='ocrx_word' id='word_1_145' title='bbox 1006 1626 1163 1673; x_wconf 78' lang='lat' dir='ltr'><strong>ubique,</strong></span> <span class='ocrx_word' id='word_1_146' title='bbox 1191 1625 1258 1660; x_wconf 79' lang='lat' dir='ltr'><strong>uhi</strong></span> <span class='ocrx_word' id='word_1_147' title='bbox 1286 1625 1443 1673; x_wconf 87' lang='lat' dir='ltr'><strong>quidem</strong></span> <span class='ocrx_word' id='word_1_148' title='bbox 1468 1624 1653 1659; x_wconf 75' lang='lat' dir='ltr'><strong>attendis-</strong></span> 
     </span>
    </p>

    <p class='ocr_par' dir='ltr' id='par_1_5' title="bbox 188 1685 1657 3031">
     <span class='ocr_line' id='line_1_19' title="bbox 188 1685 1652 1734; baseline -0.003 -10"><span class='ocrx_word' id='word_1_149' title='bbox 188 1704 205 1716; x_wconf 63' lang='grc' dir='ltr'><strong>ι·</strong></span> <span class='ocrx_word' id='word_1_150' title='bbox 267 1693 339 1729; x_wconf 87' lang='lat' dir='ltr'><strong>set,</strong></span> <span class='ocrx_word' id='word_1_151' title='bbox 381 1690 416 1723; x_wconf 75' lang='lat' dir='ltr'><strong>si</strong></span> <span class='ocrx_word' id='word_1_152' title='bbox 447 1694 578 1734; x_wconf 78' lang='lat' dir='ltr'><strong>potero</strong></span> <span class='ocrx_word' id='word_1_153' title='bbox 616 1687 906 1729; x_wconf 75' lang='lat' dir='ltr'><strong>substituentis,</strong></span> <span class='ocrx_word' id='word_1_154' title='bbox 944 1688 1132 1722; x_wconf 82' lang='lat' dir='ltr'><strong>minorem</strong></span> <span class='ocrx_word' id='word_1_155' title='bbox 1169 1699 1251 1722; x_wconf 84' lang='lat' dir='ltr'><strong>csse</strong></span> <span class='ocrx_word' id='word_1_156' title='bbox 1290 1699 1434 1728; x_wconf 80' lang='lat' dir='ltr'><strong>corum,</strong></span> <span class='ocrx_word' id='word_1_157' title='bbox 1471 1686 1537 1734; x_wconf 85' lang='lat' dir='ltr'><strong>qui</strong></span> <span class='ocrx_word' id='word_1_158' title='bbox 1571 1685 1652 1720; x_wconf 83' lang='lat' dir='ltr'><strong>haec</strong></span> 
     </span>
     <span class='ocr_line' id='line_1_20' title="bbox 271 1748 1657 1794; baseline -0.002 -9"><span class='ocrx_word' id='word_1_159' title='bbox 271 1755 376 1785; x_wconf 83' lang='lat' dir='ltr'><strong>certa</strong></span> <span class='ocrx_word' id='word_1_160' title='bbox 413 1755 450 1785; x_wconf 84' lang='lat' dir='ltr'><strong>et</strong></span> <span class='ocrx_word' id='word_1_161' title='bbox 488 1749 683 1783; x_wconf 80' lang='lat' dir='ltr'><strong>constanti</strong></span> <span class='ocrx_word' id='word_1_162' title='bbox 721 1749 853 1794; x_wconf 76' lang='lat' dir='ltr'><strong>regula</strong></span> <span class='ocrx_word' id='word_1_163' title='bbox 891 1749 1074 1782; x_wconf 77' lang='lat' dir='ltr'><strong>distincta</strong></span> <span class='ocrx_word' id='word_1_164' title='bbox 1112 1749 1275 1790; x_wconf 69' lang='lat' dir='ltr'><strong>volunt,</strong></span> <span class='ocrx_word' id='word_1_165' title='bbox 1317 1748 1572 1790; x_wconf 80' lang='lat' dir='ltr'><strong>immemores,</strong></span> <span class='ocrx_word' id='word_1_166' title='bbox 1613 1752 1657 1782; x_wconf 86' lang='lat' dir='ltr'><strong>ut</strong></span> 
     </span>
     <span class='ocr_line' id='line_1_21' title="bbox 270 1811 1654 1858; baseline -0.003 -12"><span class='ocrx_word' id='word_1_167' title='bbox 270 1823 372 1858; x_wconf 85' lang='lat' dir='ltr'><strong>soepe</strong></span> <span class='ocrx_word' id='word_1_168' title='bbox 406 1811 543 1851; x_wconf 78' lang='lat' dir='ltr'><strong>multi,</strong></span> <span class='ocrx_word' id='word_1_169' title='bbox 590 1818 761 1844; x_wconf 77' lang='lat' dir='ltr'><strong>veterum</strong></span> <span class='ocrx_word' id='word_1_170' title='bbox 800 1821 954 1857; x_wconf 79' lang='lat' dir='ltr'><strong>quoquc</strong></span> <span class='ocrx_word' id='word_1_171' title='bbox 991 1820 1204 1843; x_wconf 85' lang='lat' dir='ltr'><strong>sermonem</strong></span> <span class='ocrx_word' id='word_1_172' title='bbox 1244 1814 1403 1851; x_wconf 78' lang='lat' dir='ltr'><strong>natura,</strong></span> <span class='ocrx_word' id='word_1_173' title='bbox 1448 1822 1528 1844; x_wconf 88' lang='lat' dir='ltr'><strong>non</strong></span> <span class='ocrx_word' id='word_1_174' title='bbox 1559 1814 1654 1849; x_wconf 81' lang='lat' dir='ltr'><strong>arte,</strong></span> 
     </span>
     <span class='ocr_line' id='line_1_22' title="bbox 272 1870 1652 1918; baseline -0.002 -10"><span class='ocrx_word' id='word_1_175' title='bbox 272 1877 405 1908; x_wconf 85' lang='lat' dir='ltr'><strong>natum</strong></span> <span class='ocrx_word' id='word_1_176' title='bbox 429 1872 651 1918; x_wconf 83' lang='lat' dir='ltr'><strong>fictumque.</strong></span> <span class='ocrx_word' id='word_1_177' title='bbox 706 1871 805 1912; x_wconf 77' lang='lat' dir='ltr'><strong>(Cfr.</strong></span> <span class='ocrx_word' id='word_1_178' title='bbox 833 1871 1007 1905; x_wconf 80' lang='lat' dir='ltr'><strong>Lindeni.</strong></span> <span class='ocrx_word' id='word_1_179' title='bbox 1036 1871 1082 1904; x_wconf 88' lang='lat' dir='ltr'><strong>ad</strong></span> <span class='ocrx_word' id='word_1_180' title='bbox 1108 1870 1231 1904; x_wconf 71' lang='lat' dir='ltr'><strong>Plani.</strong></span> <span class='ocrx_word' id='word_1_181' title='bbox 1259 1870 1359 1917; x_wconf 82' lang='lat' dir='ltr'><strong>Capt</strong></span> <span class='ocrx_word' id='word_1_182' title='bbox 1405 1870 1455 1911; x_wconf 76' lang='lat'><strong>11,</strong></span> <span class='ocrx_word' id='word_1_183' title='bbox 1480 1873 1515 1911; x_wconf 87' lang='grc'><strong>2,</strong></span> <span class='ocrx_word' id='word_1_184' title='bbox 1541 1874 1586 1904; x_wconf 91' lang='grc'><strong>60</strong></span> <span class='ocrx_word' id='word_1_185' title='bbox 1612 1871 1652 1905; x_wconf 85' lang='lat' dir='ltr'><strong>in</strong></span> 
     </span>
     <span class='ocr_line' id='line_1_23' title="bbox 269 1931 1653 1978; baseline -0.002 -9"><span class='ocrx_word' id='word_1_186' title='bbox 269 1935 359 1969; x_wconf 77' lang='lat' dir='ltr'><strong>edit.</strong></span> <span class='ocrx_word' id='word_1_187' title='bbox 388 1935 504 1969; x_wconf 86' lang='lat' dir='ltr'><strong>trium</strong></span> <span class='ocrx_word' id='word_1_188' title='bbox 529 1933 709 1978; x_wconf 64' lang='lat' dir='ltr'><strong>comoed.r</strong></span> <span class='ocrx_word' id='word_1_189' title='bbox 737 1932 905 1966; x_wconf 81' lang='lat' dir='ltr'><strong>Ellendt.</strong></span> <span class='ocrx_word' id='word_1_190' title='bbox 933 1932 981 1965; x_wconf 81' lang='lat' dir='ltr'><strong>ad</strong></span> <span class='ocrx_word' id='word_1_191' title='bbox 1006 1931 1088 1966; x_wconf 85' lang='lat' dir='ltr'><strong>Cic.</strong></span> <span class='ocrx_word' id='word_1_192' title='bbox 1113 1932 1222 1966; x_wconf 75' lang='lat' dir='ltr'><strong>Brut.</strong></span> <span class='ocrx_word' id='word_1_193' title='bbox 1251 1934 1271 1974; x_wconf 60' lang='grc' dir='ltr'><strong>ἕ</strong></span> <span class='ocrx_word' id='word_1_194' title='bbox 1298 1931 1578 1972; x_wconf 78' lang='lat' dir='ltr'><strong>21‚11einrich.</strong></span> <span class='ocrx_word' id='word_1_195' title='bbox 1605 1932 1653 1966; x_wconf 79' lang='lat' dir='ltr'><strong>ad</strong></span> 
     </span>
     <span class='ocr_line' id='line_1_24' title="bbox 269 1993 1652 2043; baseline -0.002 -12"><span class='ocrx_word' id='word_1_196' title='bbox 269 1996 349 2031; x_wconf 87' lang='lat' dir='ltr'><strong>Cic.</strong></span> <span class='ocrx_word' id='word_1_197' title='bbox 388 1996 434 2031; x_wconf 87' lang='lat' dir='ltr'><strong>de</strong></span> <span class='ocrx_word' id='word_1_198' title='bbox 470 2008 547 2043; x_wconf 84' lang='lat' dir='ltr'><strong>rep.</strong></span> <span class='ocrx_word' id='word_1_199' title='bbox 587 1996 603 2029; x_wconf 91' lang='lat'>1</span> <span class='ocrx_word' id='word_1_200' title='bbox 639 2008 675 2042; x_wconf 83' lang='lat' dir='ltr'><strong>p.</strong></span> <span class='ocrx_word' id='word_1_201' title='bbox 703 1999 772 2028; x_wconf 81' lang='lat'><strong>206</strong></span> <span class='ocrx_word' id='word_1_202' title='bbox 800 2000 838 2029; x_wconf 88' lang='lat' dir='ltr'><strong>et</strong></span> <span class='ocrx_word' id='word_1_203' title='bbox 863 1999 945 2037; x_wconf 76' lang='lat'><strong>207,</strong></span> <span class='ocrx_word' id='word_1_204' title='bbox 982 1995 1047 2040; x_wconf 83' lang='lat' dir='ltr'><strong>qui</strong></span> <span class='ocrx_word' id='word_1_205' title='bbox 1075 1994 1206 2027; x_wconf 81' lang='lat' dir='ltr'><strong>nescio</strong></span> <span class='ocrx_word' id='word_1_206' title='bbox 1236 1993 1427 2040; x_wconf 88' lang='lat' dir='ltr'><strong>quomodo</strong></span> <span class='ocrx_word' id='word_1_207' title='bbox 1453 1994 1652 2029; x_wconf 77' lang='lat' dir='ltr'><strong>recondita</strong></span> 
     </span>
     <span class='ocr_line' id='line_1_25' title="bbox 268 2054 1652 2104; baseline -0.001 -12"><span class='ocrx_word' id='word_1_208' title='bbox 268 2063 307 2093; x_wconf 88' lang='lat' dir='ltr'><strong>ct</strong></span> <span class='ocrx_word' id='word_1_209' title='bbox 333 2057 481 2092; x_wconf 79' lang='lat' dir='ltr'><strong>inclusa</strong></span> <span class='ocrx_word' id='word_1_210' title='bbox 512 2061 639 2092; x_wconf 68' lang='lat' dir='ltr'><strong>servat</strong></span> <span class='ocrx_word' id='word_1_211' title='bbox 665 2062 856 2103; x_wconf 80' lang='lat' dir='ltr'><strong>praecepta</strong></span> <span class='ocrx_word' id='word_1_212' title='bbox 885 2058 983 2100; x_wconf 81' lang='lat' dir='ltr'><strong>sua]</strong></span> <span class='ocrx_word' id='word_1_213' title='bbox 1035 2054 1139 2090; x_wconf 82' lang='lat' dir='ltr'><strong>lllud</strong></span> <span class='ocrx_word' id='word_1_214' title='bbox 1163 2067 1242 2089; x_wconf 88' lang='lat' dir='ltr'><strong>non</strong></span> <span class='ocrx_word' id='word_1_215' title='bbox 1272 2055 1434 2089; x_wconf 86' lang='lat' dir='ltr'><strong>dubium</strong></span> <span class='ocrx_word' id='word_1_216' title='bbox 1461 2060 1532 2098; x_wconf 89' lang='lat' dir='ltr'><strong>est,</strong></span> <span class='ocrx_word' id='word_1_217' title='bbox 1559 2057 1652 2104; x_wconf 88' lang='lat' dir='ltr'><strong>quin</strong></span> 
     </span>
     <span class='ocr_line' id='line_1_26' title="bbox 267 2117 1654 2167; baseline -0.001 -14"><span class='ocrx_word' id='word_1_218' title='bbox 267 2119 463 2153; x_wconf 81' lang='lat' dir='ltr'><strong>interdum</strong></span> <span class='ocrx_word' id='word_1_219' title='bbox 489 2119 570 2153; x_wconf 82' lang='lat' dir='ltr'><strong>haee</strong></span> <span class='ocrx_word' id='word_1_220' title='bbox 600 2118 815 2152; x_wconf 84' lang='lat' dir='ltr'><strong>similitudo</strong></span> <span class='ocrx_word' id='word_1_221' title='bbox 851 2117 1012 2152; x_wconf 85' lang='lat' dir='ltr'><strong>actionis</strong></span> <span class='ocrx_word' id='word_1_222' title='bbox 1040 2117 1296 2164; x_wconf 69' lang='lat' dir='ltr'><strong>praecedentis</strong></span> <span class='ocrx_word' id='word_1_223' title='bbox 1330 2117 1423 2151; x_wconf 86' lang='lat' dir='ltr'><strong>adeo</strong></span> <span class='ocrx_word' id='word_1_224' title='bbox 1448 2118 1654 2167; x_wconf 78' lang='lat' dir='ltr'><strong>perspicue</strong></span> 
     </span>
     <span class='ocr_line' id='line_1_27' title="bbox 268 2178 1649 2226; baseline 0 -12"><span class='ocrx_word' id='word_1_225' title='bbox 268 2179 507 2221; x_wconf 76' lang='lat' dir='ltr'><strong>excludatur,</strong></span> <span class='ocrx_word' id='word_1_226' title='bbox 549 2184 592 2213; x_wconf 88' lang='lat' dir='ltr'><strong>ut</strong></span> <span class='ocrx_word' id='word_1_227' title='bbox 617 2179 751 2213; x_wconf 84' lang='lat' dir='ltr'><strong>futuro</strong></span> <span class='ocrx_word' id='word_1_228' title='bbox 780 2184 911 2214; x_wconf 81' lang='lat' dir='ltr'><strong>exacto</strong></span> <span class='ocrx_word' id='word_1_229' title='bbox 936 2178 1069 2213; x_wconf 87' lang='lat' dir='ltr'><strong>nullus</strong></span> <span class='ocrx_word' id='word_1_230' title='bbox 1097 2178 1148 2211; x_wconf 86' lang='lat' dir='ltr'><strong>sit</strong></span> <span class='ocrx_word' id='word_1_231' title='bbox 1173 2178 1293 2212; x_wconf 82' lang='lat' dir='ltr'><strong>locus,</strong></span> <span class='ocrx_word' id='word_1_232' title='bbox 1343 2179 1422 2213; x_wconf 75' lang='lat' dir='ltr'><strong>Nec</strong></span> <span class='ocrx_word' id='word_1_233' title='bbox 1455 2183 1500 2212; x_wconf 86' lang='lat' dir='ltr'><strong>ut</strong></span> <span class='ocrx_word' id='word_1_234' title='bbox 1525 2181 1561 2214; x_wconf 78' lang='lat' dir='ltr'><strong>si</strong></span> <span class='ocrx_word' id='word_1_235' title='bbox 1587 2191 1649 2226; x_wconf 84' lang='lat' dir='ltr'><strong>po-</strong></span> 
     </span>
     <span class='ocr_line' id='line_1_28' title="bbox 268 2239 1650 2289; baseline 0.001 -15"><span class='ocrx_word' id='word_1_236' title='bbox 268 2248 389 2281; x_wconf 70' lang='lat' dir='ltr'><strong>tuero,</strong></span> <span class='ocrx_word' id='word_1_237' title='bbox 421 2241 477 2275; x_wconf 89' lang='lat' dir='ltr'><strong>sic</strong></span> <span class='ocrx_word' id='word_1_238' title='bbox 508 2247 691 2289; x_wconf 72' lang='lat' dir='ltr'><strong>quantum</strong></span> <span class='ocrx_word' id='word_1_239' title='bbox 716 2247 873 2287; x_wconf 74' lang='lat' dir='ltr'><strong>potuero</strong></span> <span class='ocrx_word' id='word_1_240' title='bbox 898 2252 991 2274; x_wconf 88' lang='lat' dir='ltr'><strong>usus</strong></span> <span class='ocrx_word' id='word_1_241' title='bbox 1017 2240 1177 2286; x_wconf 83' lang='lat' dir='ltr'><strong>recepit.</strong></span> <span class='ocrx_word' id='word_1_242' title='bbox 1238 2239 1314 2273; x_wconf 85' lang='lat' dir='ltr'><strong>Sed</strong></span> <span class='ocrx_word' id='word_1_243' title='bbox 1339 2240 1425 2275; x_wconf 86' lang='lat' dir='ltr'><strong>ideo</strong></span> <span class='ocrx_word' id='word_1_244' title='bbox 1450 2240 1533 2276; x_wconf 83' lang='lat' dir='ltr'><strong>haec</strong></span> <span class='ocrx_word' id='word_1_245' title='bbox 1559 2241 1650 2282; x_wconf 84' lang='lat' dir='ltr'><strong>dixi,</strong></span> 
     </span>
     <span class='ocr_line' id='line_1_29' title="bbox 265 2300 1649 2351; baseline 0.001 -15"><span class='ocrx_word' id='word_1_246' title='bbox 265 2315 314 2338; x_wconf 81' lang='lat' dir='ltr'><strong>ne</strong></span> <span class='ocrx_word' id='word_1_247' title='bbox 342 2304 442 2351; x_wconf 87' lang='lat' dir='ltr'><strong>quis,</strong></span> <span class='ocrx_word' id='word_1_248' title='bbox 468 2307 513 2336; x_wconf 89' lang='lat' dir='ltr'><strong>ut</strong></span> <span class='ocrx_word' id='word_1_249' title='bbox 537 2302 823 2338; x_wconf 80' lang='lat' dir='ltr'><strong>Lindemannus</strong></span> <span class='ocrx_word' id='word_1_250' title='bbox 845 2302 869 2336; x_wconf 90' lang='lat' dir='ltr'><strong>l.</strong></span> <span class='ocrx_word' id='word_1_251' title='bbox 896 2313 941 2343; x_wconf 62' lang='grc' dir='ltr'><strong>εκ,</strong></span> <span class='ocrx_word' id='word_1_252' title='bbox 963 2300 1067 2334; x_wconf 82' lang='lat' dir='ltr'><strong>hunc</strong></span> <span class='ocrx_word' id='word_1_253' title='bbox 1090 2313 1202 2335; x_wconf 86' lang='lat' dir='ltr'><strong>usum</strong></span> <span class='ocrx_word' id='word_1_254' title='bbox 1228 2306 1422 2336; x_wconf 86' lang='lat' dir='ltr'><strong>certorum</strong></span> <span class='ocrx_word' id='word_1_255' title='bbox 1443 2302 1649 2337; x_wconf 69' lang='lat' dir='ltr'><strong>verborum</strong></span> 
     </span>
     <span class='ocr_line' id='line_1_30' title="bbox 267 2362 1649 2407; baseline 0 -9"><span class='ocrx_word' id='word_1_256' title='bbox 267 2365 309 2398; x_wconf 84' lang='lat' dir='ltr'><strong>in</strong></span> <span class='ocrx_word' id='word_1_257' title='bbox 337 2365 529 2399; x_wconf 81' lang='lat' dir='ltr'><strong>sententia</strong></span> <span class='ocrx_word' id='word_1_258' title='bbox 567 2364 794 2398; x_wconf 83' lang='lat' dir='ltr'><strong>secundaria</strong></span> <span class='ocrx_word' id='word_1_259' title='bbox 833 2375 877 2398; x_wconf 80' lang='lat' dir='ltr'><strong>ex</strong></span> <span class='ocrx_word' id='word_1_260' title='bbox 917 2362 1064 2396; x_wconf 83' lang='lat' dir='ltr'><strong>duabus</strong></span> <span class='ocrx_word' id='word_1_261' title='bbox 1105 2362 1346 2407; x_wconf 67' lang='lat' dir='ltr'><strong>coniugatis,</strong></span> <span class='ocrx_word' id='word_1_262' title='bbox 1393 2363 1649 2398; x_wconf 86' lang='lat' dir='ltr'><strong>confunderet</strong></span> 
     </span>
     <span class='ocr_line' id='line_1_31' title="bbox 266 2424 1648 2470; baseline 0 -10"><span class='ocrx_word' id='word_1_263' title='bbox 266 2438 352 2461; x_wconf 87' lang='lat' dir='ltr'><strong>cum</strong></span> <span class='ocrx_word' id='word_1_264' title='bbox 388 2438 462 2461; x_wconf 84' lang='lat' dir='ltr'><strong>usu</strong></span> <span class='ocrx_word' id='word_1_265' title='bbox 498 2427 669 2462; x_wconf 82' lang='lat' dir='ltr'><strong>ciusdem</strong></span> <span class='ocrx_word' id='word_1_266' title='bbox 706 2426 838 2460; x_wconf 74' lang='lat' dir='ltr'><strong>formae</strong></span> <span class='ocrx_word' id='word_1_267' title='bbox 876 2424 925 2458; x_wconf 85' lang='lat' dir='ltr'><strong>ad</strong></span> <span class='ocrx_word' id='word_1_268' title='bbox 961 2424 1136 2458; x_wconf 85' lang='lat' dir='ltr'><strong>futurum</strong></span> <span class='ocrx_word' id='word_1_269' title='bbox 1177 2424 1338 2470; x_wconf 79' lang='lat' dir='ltr'><strong>simplex</strong></span> <span class='ocrx_word' id='word_1_270' title='bbox 1364 2424 1571 2460; x_wconf 83' lang='lat' dir='ltr'><strong>accedente</strong></span> <span class='ocrx_word' id='word_1_271' title='bbox 1607 2425 1648 2460; x_wconf 85' lang='lat' dir='ltr'><strong>in</strong></span> 
     </span>
     <span class='ocr_line' id='line_1_32' title="bbox 269 2486 1649 2536; baseline 0 -14"><span class='ocrx_word' id='word_1_272' title='bbox 269 2488 471 2523; x_wconf 82' lang='lat' dir='ltr'><strong>sententiis</strong></span> <span class='ocrx_word' id='word_1_273' title='bbox 501 2488 701 2536; x_wconf 80' lang='lat' dir='ltr'><strong>primariis</strong></span> <span class='ocrx_word' id='word_1_274' title='bbox 726 2488 788 2522; x_wconf 65' lang='lat' dir='ltr'><strong>vel</strong></span> <span class='ocrx_word' id='word_1_275' title='bbox 816 2486 1066 2527; x_wconf 82' lang='lat' dir='ltr'><strong>secundariis,</strong></span> <span class='ocrx_word' id='word_1_276' title='bbox 1093 2490 1343 2532; x_wconf 73' lang='lat' dir='ltr'><strong>nari-aretque</strong></span> <span class='ocrx_word' id='word_1_277' title='bbox 1370 2486 1523 2528; x_wconf 86' lang='lat' dir='ltr'><strong>iterum,</strong></span> <span class='ocrx_word' id='word_1_278' title='bbox 1548 2498 1649 2534; x_wconf 85' lang='lat' dir='ltr'><strong>saepe</strong></span> 
     </span>
     <span class='ocr_line' id='line_1_33' title="bbox 266 2547 1645 2597; baseline -0.001 -14"><span class='ocrx_word' id='word_1_279' title='bbox 266 2553 322 2585; x_wconf 76' lang='lat' dir='ltr'><strong>sie</strong></span> <span class='ocrx_word' id='word_1_280' title='bbox 355 2551 447 2597; x_wconf 84' lang='lat' dir='ltr'><strong>poni</strong></span> <span class='ocrx_word' id='word_1_281' title='bbox 484 2553 635 2596; x_wconf 70' lang='lat' dir='ltr'><strong>dixero,</strong></span> <span class='ocrx_word' id='word_1_282' title='bbox 673 2551 803 2586; x_wconf 76' lang='lat' dir='ltr'><strong>videro</strong></span> <span class='ocrx_word' id='word_1_283' title='bbox 843 2549 945 2596; x_wconf 81' lang='lat' dir='ltr'><strong>apud</strong></span> <span class='ocrx_word' id='word_1_284' title='bbox 985 2548 1224 2582; x_wconf 87' lang='lat' dir='ltr'><strong>Ciceronem.</strong></span> <span class='ocrx_word' id='word_1_285' title='bbox 1267 2548 1412 2582; x_wconf 72' lang='lat' dir='ltr'><strong>Dixero</strong></span> <span class='ocrx_word' id='word_1_286' title='bbox 1446 2559 1495 2582; x_wconf 89' lang='lat' dir='ltr'><strong>ne</strong></span> <span class='ocrx_word' id='word_1_287' title='bbox 1524 2547 1645 2583; x_wconf 85' lang='lat' dir='ltr'><strong>altero</strong></span> 
     </span>
     <span class='ocr_line' id='line_1_34' title="bbox 266 2609 1645 2658; baseline 0.001 -14"><span class='ocrx_word' id='word_1_288' title='bbox 266 2612 422 2658; x_wconf 83' lang='lat' dir='ltr'><strong>quidem</strong></span> <span class='ocrx_word' id='word_1_289' title='bbox 448 2613 574 2648; x_wconf 87' lang='lat' dir='ltr'><strong>modo.</strong></span> <span class='ocrx_word' id='word_1_290' title='bbox 624 2613 720 2647; x_wconf 80' lang='lat' dir='ltr'><strong>Nam</strong></span> <span class='ocrx_word' id='word_1_291' title='bbox 747 2611 1006 2646; x_wconf 88' lang='lat' dir='ltr'><strong>Goerenzium</strong></span> <span class='ocrx_word' id='word_1_292' title='bbox 1034 2610 1127 2657; x_wconf 88' lang='lat' dir='ltr'><strong>quid</strong></span> <span class='ocrx_word' id='word_1_293' title='bbox 1153 2620 1445 2644; x_wconf 86' lang='lat' dir='ltr'><strong>commemorem</strong></span> <span class='ocrx_word' id='word_1_294' title='bbox 1475 2609 1539 2652; x_wconf 87' lang='lat' dir='ltr'><strong>(ad</strong></span> <span class='ocrx_word' id='word_1_295' title='bbox 1566 2609 1645 2645; x_wconf 89' lang='lat' dir='ltr'><strong>Cic.</strong></span> 
     </span>
     <span class='ocr_line' id='line_1_35' title="bbox 266 2670 1642 2720; baseline 0 -14"><span class='ocrx_word' id='word_1_296' title='bbox 266 2673 313 2707; x_wconf 84' lang='lat' dir='ltr'><strong>de</strong></span> <span class='ocrx_word' id='word_1_297' title='bbox 349 2672 413 2708; x_wconf 82' lang='lat' dir='ltr'><strong>fin.</strong></span> <span class='ocrx_word' id='word_1_298' title='bbox 443 2673 473 2715; x_wconf 85' lang='grc' dir='ltr'><strong>Ι,</strong></span> <span class='ocrx_word' id='word_1_299' title='bbox 509 2678 568 2715; x_wconf 84' lang='grc'><strong>20,</strong></span> <span class='ocrx_word' id='word_1_300' title='bbox 596 2677 661 2717; x_wconf 84' lang='grc'><strong>79)</strong></span> <span class='ocrx_word' id='word_1_301' title='bbox 699 2673 746 2708; x_wconf 74' lang='lat' dir='ltr'><strong>inv</strong></span> <span class='ocrx_word' id='word_1_302' title='bbox 770 2673 930 2720; x_wconf 67' lang='lat' dir='ltr'><strong>optativi</strong></span> <span class='ocrx_word' id='word_1_303' title='bbox 968 2672 1124 2707; x_wconf 89' lang='lat' dir='ltr'><strong>nominc</strong></span> <span class='ocrx_word' id='word_1_304' title='bbox 1160 2670 1357 2704; x_wconf 88' lang='lat' dir='ltr'><strong>ludentem</strong></span> <span class='ocrx_word' id='word_1_305' title='bbox 1384 2674 1434 2710; x_wconf 81' lang='lat' dir='ltr'><strong>et,</strong></span> <span class='ocrx_word' id='word_1_306' title='bbox 1464 2674 1506 2703; x_wconf 92' lang='lat' dir='ltr'><strong>ut</strong></span> <span class='ocrx_word' id='word_1_307' title='bbox 1532 2670 1642 2712; x_wconf 82' lang='lat' dir='ltr'><strong>solet,</strong></span> 
     </span>
     <span class='ocr_line' id='line_1_36' title="bbox 266 2731 1643 2782; baseline 0 -14"><span class='ocrx_word' id='word_1_308' title='bbox 266 2746 382 2782; x_wconf 83' lang='lat' dir='ltr'><strong>quum</strong></span> <span class='ocrx_word' id='word_1_309' title='bbox 426 2735 628 2769; x_wconf 86' lang='lat' dir='ltr'><strong>modorum</strong></span> <span class='ocrx_word' id='word_1_310' title='bbox 671 2739 960 2781; x_wconf 86' lang='lat' dir='ltr'><strong>temporumque</strong></span> <span class='ocrx_word' id='word_1_311' title='bbox 1004 2734 1179 2768; x_wconf 82' lang='lat' dir='ltr'><strong>Latinam</strong></span> <span class='ocrx_word' id='word_1_312' title='bbox 1226 2733 1414 2766; x_wconf 79' lang='lat' dir='ltr'><strong>rationem</strong></span> <span class='ocrx_word' id='word_1_313' title='bbox 1465 2731 1643 2779; x_wconf 84' lang='lat' dir='ltr'><strong>expedire</strong></span> 
     </span>
     <span class='ocr_line' id='line_1_37' title="bbox 266 2793 1641 2844; baseline -0.001 -14"><span class='ocrx_word' id='word_1_314' title='bbox 266 2796 414 2844; x_wconf 82' lang='lat' dir='ltr'><strong>nequit,</strong></span> <span class='ocrx_word' id='word_1_315' title='bbox 439 2796 486 2830; x_wconf 80' lang='lat' dir='ltr'><strong>ad</strong></span> <span class='ocrx_word' id='word_1_316' title='bbox 513 2795 635 2830; x_wconf 81' lang='lat' dir='ltr'><strong>Graeci</strong></span> <span class='ocrx_word' id='word_1_317' title='bbox 661 2796 863 2836; x_wconf 81' lang='lat' dir='ltr'><strong>sermonis,</strong></span> <span class='ocrx_word' id='word_1_318' title='bbox 893 2795 1003 2829; x_wconf 85' lang='lat' dir='ltr'><strong>euius</strong></span> <span class='ocrx_word' id='word_1_319' title='bbox 1030 2795 1126 2828; x_wconf 88' lang='lat' dir='ltr'><strong>mire</strong></span> <span class='ocrx_word' id='word_1_320' title='bbox 1148 2793 1350 2840; x_wconf 84' lang='lat' dir='ltr'><strong>imperitus</strong></span> <span class='ocrx_word' id='word_1_321' title='bbox 1389 2798 1458 2836; x_wconf 88' lang='lat' dir='ltr'><strong>est,</strong></span> <span class='ocrx_word' id='word_1_322' title='bbox 1484 2794 1641 2829; x_wconf 80' lang='lat' dir='ltr'><strong>nomina</strong></span> 
     </span>
     <span class='ocr_line' id='line_1_38' title="bbox 267 2855 1641 2905; baseline -0.001 -14"><span class='ocrx_word' id='word_1_323' title='bbox 267 2857 580 2905; x_wconf 72' lang='lat' dir='ltr'><strong>confugientem?</strong></span> <span class='ocrx_word' id='word_1_324' title='bbox 632 2858 698 2905; x_wconf 82' lang='lat' dir='ltr'><strong>qui</strong></span> <span class='ocrx_word' id='word_1_325' title='bbox 743 2856 807 2890; x_wconf 89' lang='lat' dir='ltr'><strong>hie</strong></span> <span class='ocrx_word' id='word_1_326' title='bbox 846 2857 962 2891; x_wconf 86' lang='lat' dir='ltr'><strong>semel</strong></span> <span class='ocrx_word' id='word_1_327' title='bbox 1011 2856 1230 2890; x_wconf 86' lang='lat' dir='ltr'><strong>nominatus</strong></span> <span class='ocrx_word' id='word_1_328' title='bbox 1267 2855 1341 2896; x_wconf 72' lang='lat' dir='ltr'><strong>sit,</strong></span> <span class='ocrx_word' id='word_1_329' title='bbox 1386 2868 1435 2890; x_wconf 86' lang='lat' dir='ltr'><strong>ne</strong></span> <span class='ocrx_word' id='word_1_330' title='bbox 1480 2868 1641 2903; x_wconf 86' lang='lat' dir='ltr'><strong>prorsus</strong></span> 
     </span>
     <span class='ocr_line' id='line_1_39' title="bbox 262 2916 1637 2966; baseline -0.004 -11"><span class='ocrx_word' id='word_1_331' title='bbox 262 2921 553 2966; x_wconf 78' lang='lat' dir='ltr'><strong>praetermisisse</strong></span> <span class='ocrx_word' id='word_1_332' title='bbox 589 2932 675 2953; x_wconf 86' lang='lat' dir='ltr'><strong>cum</strong></span> <span class='ocrx_word' id='word_1_333' title='bbox 709 2918 863 2959; x_wconf 65' lang='lat' dir='ltr'><strong>ridear,</strong></span> <span class='ocrx_word' id='word_1_334' title='bbox 907 2918 972 2965; x_wconf 85' lang='lat' dir='ltr'><strong>qui</strong></span> <span class='ocrx_word' id='word_1_335' title='bbox 1010 2918 1124 2953; x_wconf 84' lang='lat' dir='ltr'><strong>ctiam</strong></span> <span class='ocrx_word' id='word_1_336' title='bbox 1163 2918 1395 2964; x_wconf 72' lang='lat' dir='ltr'><strong>singularem</strong></span> <span class='ocrx_word' id='word_1_337' title='bbox 1437 2916 1485 2951; x_wconf 87' lang='lat' dir='ltr'><strong>de</strong></span> <span class='ocrx_word' id='word_1_338' title='bbox 1513 2916 1637 2951; x_wconf 80' lang='lat' dir='ltr'><strong>futuri</strong></span> 
     </span>
     <span class='ocr_line' id='line_1_40' title="bbox 264 2980 1232 3031; baseline 0 -16"><span class='ocrx_word' id='word_1_339' title='bbox 264 2982 383 3017; x_wconf 70' lang='lat' dir='ltr'><strong>exacti</strong></span> <span class='ocrx_word' id='word_1_340' title='bbox 421 2984 456 3017; x_wconf 83' lang='lat' dir='ltr'><strong>vi</strong></span> <span class='ocrx_word' id='word_1_341' title='bbox 485 2983 654 3031; x_wconf 75' lang='lat' dir='ltr'><strong>optativa</strong></span> <span class='ocrx_word' id='word_1_342' title='bbox 683 2980 993 3017; x_wconf 81' lang='lat' dir='ltr'><strong>dissertationem</strong></span> <span class='ocrx_word' id='word_1_343' title='bbox 1019 2980 1232 3027; x_wconf 79' lang='lat' dir='ltr'><strong>scripserit.</strong></span> 
     </span>
    </p>
   </div>
  </div>
 </body>
</html>
