1821 3309
235 176 304 228 86

173 326 362 376 paretur,
394 330 446 357 ea
478 324 630 357 notare
663 314 799 371 vulgo
831 314 1019 368 soleant,
1050 315 1299 359 Graecitum
1320 317 1494 361 demum
1512 321 1646 363 actio·
1689 368 1692 369 ⁷

173 411 272 439 nem
304 397 349 436 in
378 395 526 437 futuro
561 396 828 451 praeteritam
867 397 995 437 tertio
1027 395 1107 437 illo
1143 397 1279 438 futuri
1313 412 1477 454 genere
1510 400 1648 456 signi-

173 475 330 527 ficent,
374 476 412 516 si
459 489 557 516 oum
599 473 810 516 ulteriore
852 475 1037 530 quodam
1070 478 1280 532 temporis
1312 486 1533 519 momento
1567 492 1649 520 ex-

175 557 391 598 trinsecus
433 554 665 610 adsumpto
710 563 1001 610 comparetur.
1060 554 1145 596 Illa
1185 555 1394 597 notabilis
1436 566 1503 598 est
1550 571 1649 599 sen-

176 635 410 677 tentiarum
443 634 601 685 forma,
645 648 739 690 quae
773 647 832 674 ex
866 633 946 674 tah
979 635 1117 675 oritur
1148 650 1293 676 rerum
1326 637 1652 688 coniunctione,

174 722 222 754 ut
263 713 447 754 effectus
487 714 612 769 quasi
639 714 923 768 praeterierit,
971 727 1041 763 re,
1083 728 1177 768 quae
1209 713 1396 766 efficiat,
1430 725 1649 768 manente,

175 806 308 848 quum
349 805 449 848 pars
494 792 590 833 sive
637 800 905 832 momentum
950 791 1129 847 aliquod
1173 794 1268 833 eius
1311 808 1410 835 eum
1442 796 1649 837 effectum

175 871 357 913 dederit.
423 870 652 912 Eiusmodi
685 872 934 912 coniunctio
965 872 1001 910 si
1028 871 1078 911 ad
1107 871 1302 913 futurum
1321 880 1492 928 tempus
1511 882 1652 915 trans·-

176 950 368 1002 feretur,
422 948 684 991 habebimus
725 951 932 991 effectum
964 950 1009 990 in
1040 949 1187 991 futuro
1219 952 1516 1007 praeteritum,
1558 965 1651 994 rem

178 1032 318 1085 ipsam
350 1029 559 1079 futuram,
588 1028 631 1069 id
666 1037 746 1079 est,
783 1028 978 1068 futurum
1012 1038 1220 1071 exactum
1252 1044 1457 1086 sequens,
1491 1045 1652 1086 praece-

180 1109 310 1150 dente
340 1107 488 1149 futuro
522 1106 742 1163 simplici,
773 1115 820 1147 ut
853 1107 966 1162 apud
1002 1106 1261 1150 Ciceronem
1300 1108 1436 1151 Tusc.
1469 1109 1511 1150 ΙΙ
1542 1108 1568 1163 ἓ
1595 1110 1652 1151 63

180 1190 329 1244 (quem
359 1185 504 1228 locum
536 1187 640 1228 citat
656 1185 958 1239 Matthiaeus):
998 1185 1099 1227 Τι’ὁί
1126 1191 1306 1229 sirecta
1330 1187 1542 1242 probanti
1554 1188 1653 1243 pla-

180 1266 309 1316 cebis,
342 1271 429 1306 lum
462 1279 548 1306 non
578 1265 701 1306 modo
733 1270 820 1306 tete
852 1269 1026 1316 υίεθνίε,
1058 1266 1137 1306 sed
1165 1279 1310 1307 omnes
1341 1273 1386 1307 ec
1414 1271 1575 1318 omnia,
1609 1276 1653 1308 et

181 1345 290 1401 Epp.
324 1344 377 1384 ad
408 1344 531 1385 Fam.
565 1343 706 1395 XVI,
736 1345 788 1385 3:
821 1342 945 1384 Satis
979 1348 1065 1384 cllo
1101 1350 1144 1384 le
1175 1345 1348 1396 videro,
1391 1350 1433 1387 εἰ
1470 1345 1654 1388 valebis.

180 1423 346 1465 Eodem
389 1423 518 1465 modo
565 1421 806 1464 Terentius
845 1422 1037 1478 Adelph.
1075 1422 1145 1472 V,
1180 1425 1231 1473 1,
1257 1425 1381 1478 311).
1447 1423 1654 1466 Ceterum

180 1517 234 1545 ne
264 1501 357 1544 haec
390 1502 564 1558 quidem
599 1501 653 1542 ad
684 1501 871 1542 formam
902 1502 947 1542 in
979 1515 1023 1543 so
1056 1503 1304 1557 pertinere,
1350 1511 1470 1559 patet
1509 1512 1553 1545 et
1592 1503 1656 1545 di-

180 1590 295 1624 ctum
327 1590 394 1624 est
423 1589 523 1623 ante
549 1595 590 1634 p.
622 1582 692 1621 80.

302 1663 470 1706 Verum
502 1659 594 1701 haec
624 1667 728 1700 nota
757 1667 873 1711 sunt,
914 1673 1008 1715 quae
1040 1673 1191 1701 eorum
1224 1674 1356 1702 causa
1383 1661 1528 1717 attigi,
1558 1673 1656 1717 ‚quae

181 1749 279 1796 post
311 1740 496 1781 dicenda
527 1746 678 1786 erunt;
730 1752 784 1778 ne
815 1737 923 1778 illud
958 1738 1131 1792 quidem
1164 1740 1391 1793 ignotum,
1437 1748 1480 1781 et
1511 1748 1656 1782 tamen

183 1820 326 1861 minus
358 1818 524 1868 tritum,
553 1830 685 1872 quum
716 1817 773 1857 sit
806 1816 858 1856 ad
889 1817 1074 1871 primam
1109 1818 1332 1858 notionem
1357 1818 1657 1860 accommoda-

183 1898 427 1948 tissimum,
491 1895 677 1937 Latinos
743 1895 927 1935 actionis
982 1896 1214 1950 praeteritae
1274 1907 1479 1938 eventum
1540 1897 1658 1938 futu-

182 1990 278 2018 rum
315 1975 397 2017 hac
446 1973 568 2015 verbi
613 1974 754 2014 forma
798 1981 966 2014 notare·
1066 1972 1176 2014 Rem
1223 1973 1476 2029 significavi
1524 1988 1658 2030 supra

185 2058 242 2111 (p.
264 2054 336 2107 78)
385 2055 556 2110 triaque
590 2051 799 2108 exempla
833 2053 986 2108 posui,
1031 2052 1074 2092 in
1107 2052 1265 2108 quibus
1300 2051 1503 2095 omnibus
1536 2053 1658 2094 addi·
1703 2075 1707 2081 ·

183 2142 274 2174 tum
306 2139 399 2172 erat
416 2131 560 2181 faxo.
631 2130 800 2171 Eodem
843 2145 1007 2187 genere
1049 2129 1231 2172 Plautus
1264 2133 1401 2173 utitur
1433 2131 1545 2173 Rud.
1577 2129 1658 2181 IV,

184 2212 226 2263 4,
241 2210 316 2252 91:
348 2213 389 2251 si
405 2208 540 2260 falsa
570 2209 731 2259 dicam,
755 2208 933 2258 frastra
961 2208 1119 2249 dixero
1154 2210 1266 2265 (quae
1287 2210 1500 2268 hactenus
1527 2208 1658 2263 dixi).

186 2288 327 2331 Graeci
360 2303 533 2344 quoque
568 2288 764 2329 futurum
795 2288 969 2328 tertium
1005 2288 1068 2327 ita
1098 2296 1282 2340 ponunt,
1318 2297 1365 2329 ut
1394 2287 1658 2342 Aristopha-

214 2393 245 2436 ι)
282 2390 404 2427 Ennii
439 2400 592 2425 versum
629 2387 731 2435 apud
757 2387 857 2426 Geli,
889 2387 961 2429 xl,
988 2389 1010 2421 4
1036 2388 1147 2432 (Iloec
1174 2393 1215 2421 tu
1243 2388 1316 2421 etsi
1339 2400 1516 2432 perverse
1544 2388 1659 2429 dices,

276 2453 398 2498 facilc
432 2453 596 2486 Achivos
628 2450 797 2497 flexeris)
851 2461 930 2484 non
965 2460 1147 2489 numero,
1192 2448 1282 2496 quia
1315 2448 1371 2482 ihi
1400 2450 1560 2491 flexeris
1586 2461 1658 2496 pro

281 2514 415 2549 futuro
456 2512 672 2548 dubitativo
709 2516 780 2553 est,
816 2523 895 2546 non
924 2515 1066 2546 exacto.
1118 2511 1205 2546 Non
1230 2515 1335 2545 recte
1360 2510 1592 2545 VVunderus
1617 2511 1659 2545 in

283 2574 486 2610 Ciceronis
514 2579 609 2609 orat.
635 2585 707 2621 pro
733 2573 890 2608 Plancio
918 2585 949 2609 c.
975 2577 1033 2615 25,
1060 2577 1106 2607 60
1143 2585 1187 2607 cx
1217 2585 1294 2607 uno
1320 2571 1469 2607 nullius
1495 2571 1658 2606 auetori-

283 2636 372 2670 tatis
401 2636 534 2671 codice
564 2636 707 2671 edidit:
735 2637 891 2677 Horum,
917 2637 952 2670 si
976 2636 1180 2681 dil1'9entcr
1209 2646 1365 2682 quem-es,
1391 2633 1455 2668 vix
1480 2633 1661 2668 decimam-

277 2703 427 2742 partem
451 2699 662 2742 reppereris
687 2699 813 2744 qloria
843 2699 1009 2744 diqmzm.
1045 2695 1152 2730 Nihil
1181 2695 1282 2729 enim
1309 2705 1468 2740 prorsus
1497 2692 1555 2727 ihi
1580 2693 1659 2729 loci

281 2763 340 2794 cst
364 2759 497 2794 futuro
524 2763 656 2793 exacto
680 2758 721 2792 in
747 2763 886 2793 eventu
908 2757 1132 2806 quaestionis
1155 2755 1385 2803 simpliciter
1403 2754 1659 2802 praedicendo.

281 2818 358 2854 Sed
385 2819 488 2867 quod
514 2819 692 2854 klotzius
721 2831 765 2854 ex
793 2820 948 2866 optimis
978 2818 1178 2855 codicibus
1205 2816 1352 2851 tenuit:
1383 2818 1420 2852 si
1442 2835 1489 2846 —-
1514 2829 1659 2866 quoeres

278 2899 319 2909 -
359 2883 525 2928 reperis,
566 2881 768 2916 ferendum
804 2893 883 2917 non
926 2887 998 2923 est,
1045 2882 1165 2916 Recte
1208 2878 1366 2914 ”nescio
1403 2877 1519 2926 quis”
1558 2876 1659 2924 apud

281 2941 485 2985 Omnium,
512 2942 551 2978 id
578 2948 649 2986 cst,
675 2947 720 2978 ut
742 2943 893 2990 opinor,
916 2944 1000 2990 ipse
1021 2941 1194 2979 ofellius
1219 2941 1385 2988 reperies
1412 2938 1530 2976 scribi
1557 2937 1650 2975 vult.
