1821 3309
239 222 305 272 46

175 362 286 404 falsa
317 366 398 410 est,
427 358 524 414 ipso
558 362 669 397 teste
706 351 918 396 Cicerone
961 355 1006 395 in
1048 355 1268 412 proximis
1302 353 1477 399 verbis:
1514 367 1637 396 nemo

175 451 361 495 nuquam
392 441 459 478 est
487 435 540 476 de
575 437 758 475 civitate
791 440 1039 486 accusatus,
1069 433 1187 490 quod
1214 439 1294 476 απτ
1319 434 1507 490 populus
1532 432 1641 481 fun-

177 520 257 562 dus
268 517 431 569 factus
461 527 547 556 non
579 518 695 555 esset
724 518 802 554 auc
830 513 947 569 qnod
963 512 1160 563 foedere
1191 516 1390 554 civitatis
1418 511 1640 554 mutandae

176 603 247 640 ius
273 594 571 651 impediretur.
639 593 689 634 Si
719 606 848 633 nemo
879 600 946 633 est
971 599 1218 641 accusatus,
1249 592 1324 647 qui
1353 590 1482 633 multi
1512 589 1641 632 abso-

176 674 288 717 luti&
330 673 392 715 At
438 671 528 712 alia
569 670 635 711 illi
675 671 845 711 ratione
877 671 1086 711 accusati.
1147 670 1285 726 Atqui
1314 678 1406 711 tum
1439 667 1552 711 nihil
1586 667 1640 709 ad

175 753 305 796 Balbi
330 764 506 793 causam
537 758 579 790 et
610 749 663 789 ad
694 748 806 789 hanc
828 749 1169 803 disputationem
1194 750 1416 804 pertinent
1443 748 1638 797 omnino,

177 848 261 890 qua
286 829 441 872 Cicero
471 828 661 869 iudicum
688 827 740 867 de
767 826 849 868 hoc
873 827 1164 867 accusationis
1186 841 1349 881 genere
1378 827 1643 867 sententiam

175 910 378 954 ostendit,
439 907 625 949 Omnem
650 905 763 946 hanc
785 902 1088 946 difficultatem
1112 904 1229 946 tollit
1255 904 1397 946 codex
1421 904 1642 945 parisien-

177 992 254 1043 sis,
301 989 391 1045 qui,
433 983 811 1027 consentientibus
843 982 1196 1034 Oxoniensibus,
1222 984 1318 1024 sine
1349 982 1482 1024 dubio
1511 983 1644 1024 etiam

177 1068 392 1112 Palatinis
418 1072 576 1120 praeter
609 1077 788 1113 nonum,
818 1069 862 1102 et
888 1060 1150 1118 vulgaribus
1178 1060 1382 1103 omnibus
1415 1069 1458 1102 et
1488 1061 1646 1102 editio-

178 1147 307 1190 nibus
351 1152 452 1186 ante
495 1141 749 1191 Gruterum,
795 1141 956 1182 omittit
991 1154 1123 1182 voces
1156 1145 1259 1181 sunt
1287 1139 1479 1181 liberali.
1552 1139 1646 1181 Iam

179 1227 327 1268 omnia
370 1231 515 1264 recta:
554 1221 699 1262 Malta·
735 1222 904 1273 recepte·
934 1222 980 1259 in
1016 1222 1241 1260 cc'vc‘talem
1274 1230 1334 1259 ex
1363 1218 1516 1260 liberis
1531 1216 1644 1268 foe·

179 1305 429 1357 deratc‘sque
447 1300 626 1355 populls
652 1300 716 1352 (ut
757 1297 903 1353 ampla
933 1305 1049 1338 esset
1076 1298 1368 1338 accusationis
1397 1295 1648 1355 huiusmodi

183 1382 396 1431 occasio):
452 1392 576 1419 nemo
610 1384 805 1432 ‘unquam
847 1381 913 1417 est
954 1375 1009 1416 <le
1058 1379 1241 1417 civitate
1291 1380 1522 1417 accusatus
1566 1373 1647 1415 (fac.

179 1457 538 1516 Interpolationis
582 1455 751 1511 duplex
785 1469 918 1496 causa
958 1454 1066 1503 fuit3
1099 1468 1199 1495 nam
1232 1468 1328 1504 nec,
1361 1467 1446 1508 quo
1479 1459 1649 1507 specta-

180 1548 277 1582 rent
323 1537 402 1579 illa
448 1533 610 1585 verba,
662 1532 1021 1588 intelligebatur,
1069 1545 1164 1587 quae
1207 1532 1428 1587 proximis
1473 1530 1649 1572 demum

182 1619 386 1660 adiuncta
431 1614 773 1669 disputationem
815 1614 985 1663 iuvant,
1027 1619 1068 1652 et
1100 1615 1202 1652 suut
1240 1617 1344 1651 nota
1376 1607 1560 1665 syllepsi
1588 1621 1648 1650 ex

181 1697 388 1752 proximo
416 1699 481 1736 est
503 1700 702 1746 repetere
730 1689 909 1732 difficile
929 1688 1175 1732 videbatur.
1220 1686 1481 1744 Interpolati
1501 1694 1649 1728 autem

183 1778 324 1821 erant,
367 1770 405 1810 si
447 1767 636 1810 Grutero
681 1766 792 1809 fides
833 1766 986 1808 haberi
1020 1774 1180 1822 potest,
1220 1779 1308 1806 non
1352 1764 1493 1806 solum
1526 1764 1650 1806 codd.

182 1848 275 1891 Erf.
320 1855 364 1888 et
409 1846 502 1888 Pal.
543 1850 585 1899 9,
628 1847 705 1888 sed
747 1848 878 1887 etiam
925 1845 993 1887 Sti
1034 1844 1245 1885 Victoris.
1307 1841 1531 1898 Apparet,
1575 1856 1651 1883 cur

180 1926 366 1982 (Opusc.
405 1926 539 1980 prior.
584 1941 626 1981 p.
669 1925 770 1978 417)
812 1922 1019 1979 vulgares
1051 1922 1174 1963 codd.
1217 1935 1305 1962 non
1348 1935 1410 1962 ex
1442 1919 1542 1973 hoc,
1571 1919 1649 1961 sed

183 2016 242 2045 esc
270 2003 352 2044 hoc
395 2009 473 2044 aut
504 2004 645 2058 plane
673 2003 860 2058 gemello
903 2001 1008 2052 (hoc
1039 1999 1139 2042 loco
1175 2007 1321 2040 tamen
1355 1997 1653 2055 discrepante)

182 2082 426 2136 descriptos
459 2082 666 2122 dixerim.
737 2079 872 2122 Casui
908 2081 1025 2121 enim
1071 2079 1154 2120 vix
1188 2076 1418 2118 tribuerim
1462 2084 1550 2117 tam
1584 2077 1652 2116 iu-

182 2168 294 2200 stam
321 2167 364 2200 et
385 2168 674 2215 opportunam
697 2159 1050 2215 discrepantiam.
1093 2153 1378 2212 [Interpolati
1397 2162 1498 2196 sunt
1519 2155 1652 2196 etiam

183 2238 355 2280 codices
389 2235 675 2293 Ber-nenses]

295 2313 435 2356 Paulo
475 2323 574 2371 post
606 2313 706 2369 (53)
749 2327 828 2369 pro
871 2316 1004 2355 ictum
1045 2313 1091 2353 in
1121 2310 1214 2352 Erf.
1244 2317 1310 2351 est
1343 2323 1435 2351 esse
1467 2321 1577 2360 cum,
1606 2309 1652 2349 in

186 2393 279 2435 Ox.
316 2403 355 2445 ψ
383 2401 426 2434 et
456 2393 523 2434 ed.
550 2394 663 2434 1472
697 2390 819 2448 [ΑΒ]
852 2396 966 2432 esset
997 2404 1106 2441 cum,
1138 2391 1186 2430 in
1216 2388 1317 2430 Par.
1363 2388 1468 2442 (nisi
1499 2399 1655 2429 manus

186 2473 317 2513 amici
347 2472 434 2513 mei
459 2470 700 2524 aberravit)
741 2475 868 2512 esset.
927 2468 1219 2511 Scribendum
1249 2473 1337 2508 est:
1380 2478 1474 2507 esse
1507 2468 1656 2515 ictum,

190 2549 319 2605 plene
350 2557 394 2590 et
425 2548 729 2591 Ciceroniane.

299 2626 473 2668 Deinde
504 2635 706 2668 extrema
737 2625 867 2666 huius
894 2623 1048 2681 capitis
1073 2622 1162 2676 (54)
1192 2620 1255 2662 sic
1279 2617 1478 2661 Orellius
1504 2616 1655 2668 edidit,

188 2702 460 2762 probabilius
486 2705 707 2760 profecto,
759 2717 888 2760 quam
938 2699 1074 2756 vulgo
1118 2706 1236 2740 erat:
1289 2696 1364 2737 An
1408 2696 1564 2751 lingua
1614 2699 1657 2736 el

188 2786 367 2840 ingenio
394 2781 604 2838 patefieri
629 2782 777 2824 aditus
808 2780 868 2822 ad
898 2781 1119 2822 civitatem
1142 2777 1306 2832 potuit,
1336 2786 1467 2815 manu
1498 2778 1542 2815 et
1569 2774 1658 2814 vir-

190 2867 284 2904 tute
314 2875 400 2904 non
423 2861 625 2917 poterit?
658 2873 774 2903 anne
803 2857 856 2900 <le
887 2856 1011 2900 nobis
1037 2853 1213 2898 trahere
1243 2852 1385 2909 spolia
1401 2849 1659 2903 foederatis
