1821 3309
1372 151 1470 200 235

94 313 178 340 non
198 299 365 340 audes?
395 305 437 338 et
468 297 684 338 contraria
714 296 804 337 haec
834 297 898 337 rei
929 309 1042 336 verae
1073 294 1307 336 declaratio
1338 303 1403 334 est
1430 293 1539 334 fictae

95 378 372 429 condicioni).
438 377 601 417 Eodem
651 375 778 416 modo
815 375 930 414 dixit
970 373 1151 414 Tacitus
1195 374 1311 415 Ann.
1355 371 1434 424 Ill,
1462 374 1541 413 54:

94 457 162 497 At
187 456 379 496 Hercule
408 469 528 495 nemo
558 453 711 504 refert,
743 453 857 507 qaod
887 452 1027 492 Italia
1060 457 1255 493 externis
1292 452 1441 506 opibus·
1473 457 1540 492 iu-

97 533 231 588 dt’get,
266 533 380 588 quod
411 537 504 573 vila
530 533 683 587 populi
713 532 903 572 Romam?
930 544 1010 584 per
1044 534 1213 571 incerta
1245 535 1375 571 maris
1405 536 1543 586 quoli-

95 611 167 652 dc'e
197 613 400 653 volvitur.
471 611 673 665 (Vertast
713 608 813 650 Dea
852 608 1060 649 Umstaml
1090 608 1193 649 aber
1229 608 1406 650 bet-silut
1432 609 1543 651 Nie-

95 691 255 744 mcmd.)
313 691 367 730 Et
398 690 450 730 de
485 689 694 730 Cicerone
726 690 832 729 ‚satis
862 688 1022 728 dietum
1054 697 1142 740 est3
1172 703 1268 728 nam
1300 689 1352 728 de
1383 688 1460 743 Ep.
1493 690 1545 729 ad

94 768 188 811 Att.
229 770 290 820 X,
342 771 384 818 4,
440 771 490 809 11
534 770 638 809 satis
685 769 767 809 erit
806 766 965 808 Orellii
1006 776 1150 807 notam
1194 769 1460 822 inspexisse,
1502 778 1548 807 ut

95 847 346 903 intelligas,
399 847 509 888 nihil
554 849 597 888 in
644 846 722 887 illo
762 846 858 887 loco
905 847 1142 886 testimonii
1185 861 1294 887 esse.
1370 847 1545 887 Livium

95 926 209 967 libro
242 926 321 976 Ill,
361 927 431 978 52,
479 926 556 967 alii
603 934 765 967 eertum
804 939 898 965 esse
933 934 1100 978 putant,
1132 926 1359 978 Zumptius
1392 926 1545 967 saltem

100 1005 355 1056 verisimile,
389 1005 440 1045 ad
465 1004 575 1045 hanc
599 1005 783 1045 formam
808 1005 1059 1058 scripsisse:
1089 1008 1287 1055 secem-os,
1314 1005 1429 1059 quod
1456 1009 1549 1045 sine

98 1087 301 1123 restituta
336 1088 556 1137 potesccele
595 1083 743 1137 redigt
785 1087 830 1123 in
879 1083 1152 1122 concordem
1196 1097 1265 1123 res·
1308 1091 1522 1138 nequeam
1535 1100 1546 1132 ,·

97 1176 196 1217 ego,
230 1163 401 1202 etiamsi
428 1161 724 1212 concederem,
749 1161 926 1202 Livium
951 1162 1118 1202 dixisse
1141 1166 1229 1202 scio
1255 1162 1380 1216 qreocl,
1405 1172 1549 1203 tamen

98 1241 384 1281 certissimum
419 1255 515 1280 esse
546 1241 799 1291 iudicarem,
830 1242 892 1281 sic
922 1240 975 1280 ab
1010 1256 1060 1280 eo
1092 1243 1296 1296 scriptum
1330 1241 1411 1282 hoc
1452 1241 1548 1282 loco

97 1333 184 1358 non
231 1333 342 1359 esse.
408 1319 516 1369 Quae
552 1329 617 1360 est
650 1322 763 1360 enim
796 1321 878 1360 ista
911 1318 1137 1361 barbaria:
1182 1324 1303 1361 sine
1347 1324 1550 1361 restitum

95 1403 314 1451 potestate
353 1413 430 1453 pro
472 1413 550 1449 eo,
603 1399 716 1454 quod
760 1398 916 1438 Latine
963 1398 1141 1439 dicitur:
1190 1402 1308 1439 nise·
1346 1403 1550 1440 resticula

97 1477 348 1529 poteslate?
381 1476 581 1517 Editores
613 1479 726 1517 enim
755 1486 796 1517 et
819 1478 1108 1533 grammatici,
1133 1486 1178 1516 ut
1211 1492 1339 1533 saepe,
1366 1479 1464 1519 dum
1498 1480 1551 1519 de

103 1568 188 1594 una
221 1563 342 1608 parte
374 1554 475 1605 loci,
517 1570 599 1610 qua
630 1556 827 1612 regulam
862 1555 1047 1596 stabiliri
1081 1555 1349 1597 infirmarive
1385 1567 1553 1613 putant,

101 1631 356 1674 affirmando
388 1643 431 1674 et
459 1636 659 1690 negando
682 1635 991 1691 digladiantur,
1019 1635 1070 1675 ad
1096 1635 1278 1691 reliqua,
1312 1637 1468 1693 quibus
1499 1638 1553 1679 lis

100 1711 276 1752 decerni
320 1722 505 1767 poterat,
548 1728 633 1754 non
676 1714 968 1754 attenderunt.
1032 1714 1182 1769 Itaque
1218 1731 1347 1770 quum
1384 1718 1552 1758 codices

100 1789 289 1831 habeant
328 1795 598 1847 sciturosque
637 1797 746 1844 sine,
789 1802 1022 1848 aptumque
1053 1796 1109 1834 sit
1142 1808 1237 1849 que,
1270 1810 1408 1851 neque
1442 1797 1556 1851 quod

100 1868 354 1920 scribemus,
396 1881 442 1911 ut
481 1871 694 1927 plerique,
725 1887 864 1927 neque
898 1886 1040 1926 quam,
1075 1882 1120 1913 ut
1153 1873 1403 1915 Gronovius
1438 1875 1555 1916 vole-

101 1947 190 1999 bat,
223 1963 376 2003 parum
419 1964 523 1990 sane
559 1960 672 2006 apte,
704 1951 779 1990 sed
814 1949 946 1998 aliam
975 1952 1331 2006 exspectabimus
1365 1953 1555 2010 reliquo-

99 2040 194 2067 rum
233 2026 462 2070 verborum
489 2031 854 2080 emendationem,
885 2031 1051 2070 interea
1087 2030 1168 2071 hoc
1199 2031 1294 2072 loco
1326 2048 1402 2087 pro
1436 2036 1555 2073 testi-

100 2107 247 2147 monio
288 2120 374 2147 non
416 2116 600 2150 utemur.
624 2109 655 2162 l)
721 2109 806 2149 Sed
853 2123 1030 2163 prorsus
1065 2119 1226 2151 certum
1263 2120 1414 2166 putant
1449 2112 1555 2153 alte-

100 2200 194 2226 rum
233 2185 352 2226 Livii
383 2185 542 2238 locum,
587 2190 630 2228 in
675 2187 788 2228 libro
832 2188 964 2229 XLV
1006 2204 1041 2229 c.
1070 2191 1139 2241 41,
1181 2191 1251 2245 qui
1288 2206 1371 2232 non
1402 2192 1556 2233 melius

101 2263 254 2316 habet,
298 2266 384 2305 nisi
431 2267 543 2321 quod
590 2267 834 2308 emendatio
877 2282 962 2308 non
1004 2267 1135 2309 dubia
1179 2278 1259 2314 est.
1319 2271 1556 2312 Scribitur:

102 2356 370 2398 quamquam,
402 2351 443 2385 et
468 2344 809 2399 qmmaefelc'cc'ler
835 2345 1137 2399 rempublicam
1161 2348 1554 2390 administraverim

105 2427 149 2462 et
177 2422 291 2476 quod
319 2422 401 2462 duo
426 2422 620 2471 fulmina
653 2424 818 2464 domum
853 2437 985 2464 meam
1011 2438 1091 2478 per
1122 2424 1196 2465 laos
1239 2426 1331 2467 dces
1358 2430 1555 2481 percule-

136 2589 166 2631 l)
200 2587 286 2622 Non
324 2586 406 2620 sinc
442 2598 554 2620 causa
588 2586 628 2620 iu
656 2598 699 2621 eo
726 2599 876 2634 quoque
904 2588 1119 2622 Gronovius
1147 2594 1183 2623 ct
1210 2589 1414 2625 Coutcrius
1441 2591 1554 2626 haese-

195 2653 309 2694 runt,
348 2648 451 2695 quod
486 2648 679 2682 omittitur
712 2651 937 2690 tribunicia,-
974 2661 1097 2697 neque
1131 2651 1253 2693 enim,
1288 2654 1389 2700 quod
1426 2655 1554 2688 Livius

197 2710 370 2744 Duilium
406 2711 603 2744 tribunum
641 2711 759 2745 fuisse
795 2711 960 2754 dixerat,
1000 2712 1087 2747 ideo
1115 2713 1211 2747 illud
1239 2720 1341 2749 recte
1368 2715 1408 2749 in
1433 2716 1554 2749 Duilli

196 2772 368 2807 oratione
405 2773 634 2808 audiendum
663 2773 916 2820 relinquitur,
942 2786 1057 2822 quum
1087 2775 1185 2810 nihil
1215 2776 1260 2811 ab
1287 2790 1330 2812 eo
1358 2778 1404 2814 de
1436 2779 1554 2812 tribu-

197 2837 288 2867 natu
314 2838 439 2869 actum
466 2847 548 2871 esse
574 2841 683 2871 antea
710 2836 855 2871 dictum
882 2836 941 2871 sit.
