1821 3309
277 246 367 294 144

198 387 392 429 ‘Victoris
422 382 537 441 apud
569 381 806 424 Gruterum
837 380 1116 424 scribendum
1148 391 1230 433 cst,
1269 391 1316 423 ut
1351 381 1494 433 Iunta‚
1523 381 1677 424 Victo·

196 468 306 517 rius,
336 463 449 507 Rob.
484 462 736 518 Stephanus
777 462 1020 513 ediderant,
1054 475 1119 502 me
1151 465 1348 513 istorum,
1392 460 1568 502 sublato
1603 473 1674 502 co-

197 547 311 587 mico
337 544 416 585 illo
446 547 574 585 ηίιηίε
593 543 732 597 pudet
761 557 838 598 pro
870 556 938 593 eo,
970 541 1084 597 quod
1116 550 1181 582 est
1207 542 1339 583 valde
1371 541 1525 596 pudet.
1587 538 1676 582 Sed

198 625 282 666 hoc
313 637 519 680 parvum3
570 623 727 664 deinde
771 629 917 662 autem
959 623 1118 671 vilare,
1164 621 1279 676 quod
1318 620 1533 662 Davisius
1569 619 1677 660 satis

198 719 336 760 prave
381 702 616 743 defendere
674 709 856 742 conatus
904 708 996 751 est,
1049 709 1300 755 comparata
1352 699 1676 742 constructione

203 783 342 835 verbi,
373 782 487 838 quod
523 789 589 821 est
632 793 801 830 censeo,
835 779 947 834 apud
980 778 1213 819 Horatium
1246 787 1289 819 et
1320 778 1545 819 inferioris
1575 783 1680 816 aeta-

200 864 257 904 tis
302 846 537 917 scriptores
584 860 676 915 (qui
710 871 862 899 censeo
891 856 1059 907 facere
1090 866 1138 898 ut
1170 857 1296 898 iubeo
1330 857 1515 910 dicunt),
1549 854 1680 912 Wyt-

201 941 459 983 tenbachius
491 942 535 981 in
567 939 792 980 vilan-dum
825 936 1037 988 mutabat,
1073 935 1364 988 Goewnzius,
1396 933 1679 977 assentienti-

204 1021 286 1061 bus
317 1019 476 1060 Beiero
521 1027 563 1058 et
597 1017 787 1067 Orellio,
829 1016 961 1057 delet.
1022 1015 1163 1057 Nemo
1207 1017 1442 1071 quidquam
1479 1014 1597 1055 dixit
1626 1011 1679 1053 de

204 1100 463 1156 pronomine
506 1100 624 1151 ipso,
669 1096 782 1151 quod
824 1095 1099 1136 incommode
1145 1103 1188 1136 et
1228 1110 1438 1148 perverse
1480 1094 1682 1150 pouitur3

207 1179 415 1234 quaeritur
450 1178 582 1226 enim,
613 1183 758 1215 utrum
791 1178 944 1214 vilium
976 1177 1113 1228 ipsum
1145 1189 1222 1229 per
1254 1188 1300 1215 se
1332 1173 1589 1230 fugiendum
1626 1172 1683 1211 sit

207 1272 260 1298 an
308 1265 424 1297 metu
459 1256 609 1296 iudicii
654 1256 758 1307 (non
809 1253 973 1294 &achaic
1010 1257 1163 1308 ipsias,
1207 1262 1414 1309 tanquam
1458 1252 1580 1294 aliud
1623 1252 1681 1291 sit

209 1336 493 1387 adiunctum).
561 1333 646 1374 Sed
681 1332 853 1373 codices
884 1332 1262 1374 considerantibus
1293 1332 1389 1374 aliae
1420 1340 1464 1372 et
1494 1331 1684 1372 maiore-s

208 1415 407 1456 oriuntur
454 1410 768 1453 dubitationes.
835 1409 949 1451 Nam
994 1411 1038 1450 in
1098 1411 1247 1451 codice
1298 1410 1445 1451 Haun.
1478 1418 1568 1451 est:
1599 1422 1683 1465 que

208 1494 306 1549 (sic)
338 1493 471 1533 ullum
500 1490 703 1531 iuditium
737 1493 882 1530 vilare
912 1492 1004 1530 πίει·
1025 1493 1134 1529 vilio
1165 1492 1258 1543 ipso
1280 1494 1488 1530 mutatum
1507 1492 1684 1543 putant.

208 1572 368 1628 Atque,
399 1571 510 1627 quod
543 1584 672 1610 nemo
697 1570 1111 1609 commemoratione
1140 1568 1319 1623 dignum
1352 1569 1539 1624 putavit,
1569 1566 1684 1608 hune

210 1652 405 1693 ordinem
439 1658 481 1691 et
512 1649 592 1689 hos
624 1662 750 1688 casus
783 1646 1017 1688 verborum
1050 1647 1262 1688 indiciam·
1292 1671 1349 1678 —
1375 1650 1502 1697 vilio,
1533 1660 1685 1688 omnes

210 1740 284 1773 aut
305 1730 440 1785 longe
471 1727 647 1784 plui-imi
677 1727 849 1767 codices
881 1725 1146 1778 habuerunt,
1178 1735 1293 1768 certe
1320 1740 1473 1767 omnes
1493 1725 1684 1778 Davisii,

212 1811 284 1865 qui
314 1810 408 1864 ipse
441 1808 536 1847 eius
568 1806 631 1845 rei
665 1806 788 1844 lestis
821 1813 902 1855 est,
935 1813 977 1844 et
1008 1806 1121 1860 apud
1151 1804 1375 1846 Mosei-um
1417 1813 1574 1860 praeter
1607 1805 1687 1847 Vi-

211 1889 453 1930 ctorianum
486 1886 616 1925 etiam
649 1881 806 1934 infimi,
826 1881 1148 1924 Creuzerianus
1164 1892 1206 1924 et
1230 1882 1682 1937 Wyttonbaehianus3

212 1967 265 2007 de
308 1973 487 2021 quarto,
538 1961 822 2013 monacensi,
871 1969 1052 2002 tacetur.
1120 1962 1420 2013 Goerenzius,
1467 1971 1513 2002 ut
1555 1962 1684 2012 solet,

214 2052 327 2085 tacet
372 2043 424 2083 de
473 2043 551 2092 iis,
597 2040 754 2096 quibus
802 2041 865 2080 uti
916 2041 1115 2082 nescivit.
1145 2041 1173 2094 ¹)
1240 2040 1356 2081 Idem
1410 2043 1451 2081 in
1488 2049 1684 2083 veterum

241 2222 272 2263 ‘)
308 2218 500 2254 Orellium
535 2217 608 2251 hoc
645 2222 682 2250 et
709 2218 859 2251 infinita
888 2218 1028 2251 similia
1055 2219 1095 2252 in
1122 2219 1273 2252 selecta}
1300 2218 1499 2252 varietatis
1526 2217 1681 2253 adnota-

306 2280 413 2314 tione
436 2278 753 2325 prfetermisisse,
780 2290 858 2312 non
889 2283 964 2312 tam
991 2291 1163 2314 seorsum
1188 2278 1450 2325 reprehendo,
1489 2291 1602 2326 quam
1628 2280 1684 2313 in-

314 2342 439 2387 telligi
465 2341 566 2382 volo,
587 2353 700 2388 quam
723 2340 871 2374 nullius
897 2340 1080 2375 utilitatis
1108 2342 1159 2375 sit
1185 2346 1310 2375 totum
1334 2340 1434 2375 illud
1459 2340 1688 2387 excerpendi

309 2415 455 2450 genus,
489 2415 564 2450 quo
592 2402 793 2443 celeriter,
831 2401 921 2436 dum
945 2403 1087 2437 librum
1115 2403 1282 2450 aliquem
1317 2402 1549 2436 festinanter
1583 2413 1689 2437 reco-

313 2465 559 2510 gnoscimus,
604 2463 762 2510 defungi
787 2476 1003 2510 possumus.
1073 2465 1168 2508 Qua:
1203 2465 1255 2499 sit
1290 2464 1392 2499 enim
1428 2462 1689 2497 memorabilis

310 2526 522 2572 scriptura,
551 2531 633 2560 tum
660 2526 812 2560 demum
838 2526 1006 2572 intelligi
1032 2531 1161 2574 potest
1177 2554 1187 2569 ‚
1214 2539 1333 2574 quum
1362 2529 1400 2560 et
1428 2524 1599 2559 universi
1626 2537 1687 2571 ap-

312 2592 467 2634 paratus
494 2589 622 2622 critici
647 2593 784 2622 natura
808 2593 1012 2635 perspecta
1037 2594 1095 2623 est
1121 2594 1159 2623 ct
1186 2589 1228 2623 in
1246 2587 1412 2634 singulis
1437 2586 1536 2621 locis
1562 2585 1689 2620 omnia

312 2654 504 2683 momenta
541 2650 732 2697 exquisita
769 2649 829 2684 vel
855 2650 987 2696 potius
1012 2650 1088 2685 iam
1115 2651 1256 2686 veritas
1283 2650 1451 2684 inventa.
1498 2647 1688 2681 Damnum

314 2714 442 2744 autem
477 2711 552 2745 ista
586 2711 745 2745 selectio
782 2711 898 2746 habet
926 2725 1004 2747 non
1038 2713 1146 2753 leve,
1182 2711 1286 2759 quod
1309 2709 1484 2744 homines
1505 2719 1548 2743 ca
1573 2708 1689 2743 confi-

315 2771 412 2805 dunt
454 2772 655 2818 omniaque
697 2773 738 2806 in
770 2777 855 2807 tuto
881 2773 1008 2819 posita
1033 2778 1194 2821 putant,
1229 2772 1296 2806 ubi
1322 2770 1422 2805 nihil
1454 2770 1689 2818 adscriptum

315 2838 384 2868 est.
436 2832 522 2868 Uno
549 2833 662 2868 modo
690 2838 795 2868 recte
820 2834 904 2868 fieri
931 2835 1104 2869 delectus
1128 2838 1258 2881 potest
1283 2833 1323 2867 in
1347 2832 1546 2867 varietatis
1575 2832 1688 2867 adno-

318 2892 481 2930 tatione„
506 2900 549 2928 ut
577 2900 640 2929 aut
669 2895 843 2930 codicum
874 2901 1067 2931 certorum
1095 2901 1133 2930 et
1157 2895 1407 2942 probatorum
1435 2899 1499 2928 aut
1527 2893 1688 2939 diligen-
