1821 3309
267 206 365 256 376

240 351 332 396 faxo
356 351 402 382 76
427 348 533 392 (94);
570 344 710 380 transit
752 343 794 377 in
819 343 889 377 fut.

243 416 416 447 exactum
444 402 504 450 79,
535 420 607 443 nce
635 413 762 442 tamen
786 417 893 452 pror·

245 486 310 508 sus
346 477 404 509 80.
471 472 610 507 Forma
647 469 801 516 passiva
836 471 891 501 81.

245 535 468 571 Inlinitivus
496 537 551 567 71.
610 532 707 567 Eius
735 530 894 566 coniun-

249 600 375 634 ctivus
410 609 490 631 non
523 595 661 630 transit
695 595 736 628 in
766 592 891 640 persc-

249 667 353 697 etum
377 664 434 694 71.

201 726 390 762 Futurum
424 720 680 756 dubitativum
705 719 780 754 vid.
807 718 894 754 Fut.

249 800 304 823 cx.
332 784 578 821 coniunctivi.

203 851 391 887 Futurum
416 852 589 883 exactum
612 848 656 879 63
678 853 783 891 sqq.3
810 841 894 876 eius

248 924 390 948 nomen
405 914 449 945 63
464 914 558 950 not„
584 909 706 942 forma
731 909 798 949 823
825 904 896 938 fut.

253 979 373 1011 exact.
399 979 436 1008 et
468 971 627 1018 simplex
656 969 791 1014 exiguo
822 966 896 1000 dis-

254 1036 412 1072 crimine
445 1039 491 1069 80
525 1038 618 1075 not,
653 1044 737 1066 cum
764 1029 898 1064 discri-

251 1100 367 1139 mine,
400 1101 445 1132 85
478 1101 557 1132 not.
612 1095 698 1129 Fut.
726 1096 901 1127 exactum

256 1161 303 1196 (lc
327 1172 369 1195 re
394 1163 498 1194 certo
525 1163 696 1204 tempore
730 1154 905 1188 absoluta

256 1224 389 1258 futura
412 1225 458 1256 82
477 1231 579 1267 sqq.3
605 1219 646 1252 in
669 1215 904 1251 condicioni-

257 1286 329 1320 bus
367 1281 596 1331 quibusdam
631 1279 801 1326 positum
835 1281 904 1318 83;

260 1347 307 1380 de
334 1357 375 1379 re
410 1344 525 1378 simul
561 1342 736 1376 absoluta
773 1341 905 1374 sutura

260 1406 515 1455 (praecedente
553 1404 624 1439 fut.
662 1407 795 1438 exacto
839 1405 906 1434 aut

262 1469 488 1516 imperativo
525 1467 648 1501 aliove
683 1465 814 1508 modo)
852 1468 910 1504 84,

263 1545 342 1567 non
378 1542 525 1578 semper
570 1541 656 1563 eum
700 1525 910 1562 celeritatis

265 1593 550 1641 significatione
575 1596 647 1632 853
683 1590 762 1627 snt.
782 1602 838 1624 cx.
875 1592 913 1623 ct

264 1656 427 1704 simplex
449 1655 624 1702 copulata
651 1657 696 1688 85
721 1657 812 1693 not,
839 1651 914 1684 lut.

266 1732 322 1756 cx.
358 1718 399 1752 in
435 1717 593 1764 apodosi
627 1721 716 1763 post
753 1713 913 1761 simplex

266 1784 308 1817 in
343 1780 488 1829 protasi
528 1783 586 1815 86.
642 1778 730 1812 Fut.
769 1789 828 1816 cx,
868 1775 915 1810 de

266 1845 323 1880 rei
357 1842 562 1891 przeteritae
600 1846 739 1876 eventu
781 1839 914 1873 futuro

266 1912 313 1942 78
334 1910 438 1953 (post
461 1906 586 1950 faxo),
610 1908 668 1945 87,
693 1907 759 1943 88;
787 1901 834 1936 de
860 1913 918 1942 co,

270 1970 373 2018 quod
391 1969 523 2003 futuro
543 1971 714 2012 tempore
735 1963 918 1998 affirmari

269 2033 316 2067 dc
351 2044 393 2066 re
427 2029 620 2078 praeterita
655 2027 821 2074 poterit,
862 2030 918 2061 88.

270 2095 357 2130 Fut.
374 2098 546 2127 exactum
562 2090 609 2124 ad
623 2089 782 2135 simplex
799 2099 919 2135 prope

271 2156 456 2190 accedens
493 2153 608 2187 variis
643 2151 781 2191 modis,
821 2149 921 2196 apud

276 2218 441 2252 comicos
463 2215 619 2248 Latinos
639 2217 684 2247 88
699 2225 795 2259 sqq„
820 2211 921 2258 apud

274 2285 422 2314 eeteros
448 2276 654 2322 scriptores
681 2278 726 2308 94
754 2287 850 2321 sqq„
875 2273 921 2307 de

274 2342 406 2377 fructu
440 2344 476 2375 et
511 2343 649 2372 eventu
685 2337 741 2370 rei
779 2341 837 2378 89,
864 2338 921 2377 94,

278 2405 324 2439 (le
358 2415 398 2438 re
427 2401 540 2436 simul
576 2400 707 2433 futura
743 2403 800 2440 90,
837 2410 924 2432 cum

279 2464 559 2513 significatione
597 2461 830 2502 celeritatis,
864 2459 921 2494 rei

279 2531 327 2564 ad
360 2528 501 2563 exitum
538 2526 613 2559 iam
647 2524 842 2572 perducta}
887 2527 924 2557 ct

281 2604 367 2626 cum
392 2588 648 2623 affirmatione
682 2592 738 2627 90,
772 2590 839 2626 953
879 2584 926 2619 de

282 2665 324 2688 re
358 2651 547 2696 tantisper
570 2649 744 2683 facienda
774 2652 832 2689 91,
858 2652 925 2688 963

284 2715 326 2749 in
370 2712 619 2759 significanda
665 2711 851 2746 dilatione
889 2714 927 2744 et

286 2775 538 2811 translatione
581 2774 638 2808 rei
682 2776 738 2815 91,
771 2777 830 2814 92,
871 2776 929 2813 96,

286 2842 354 2872 105
380 2842 472 2878 not.⁹
498 2837 545 2871 (lc
579 2836 730 2871 actione
762 2835 926 2870 ulterius

287 2900 415 2935 futura
440 2902 497 2936 92.
544 2899 630 2937 Fut.
659 2903 831 2934 exactum
856 2909 924 2944 pro

1014 340 1203 387 simplici,
1239 346 1489 375 evanescente
1531 339 1665 374 ‹liseri-

1016 404 1132 443 mine,
1160 403 1261 450 apud
1288 405 1455 437 comicos
1481 406 1539 443 93,
1564 401 1667 448 apud

1016 466 1113 500 alios
1139 468 1274 513 poetas
1301 465 1495 500 rarissime
1521 468 1576 498 97.

970 529 1159 563 Futurum
1204 533 1377 562 exactum
1431 524 1669 562 coniunctivi

1019 590 1121 625 modi
1169 591 1385 637 seiungitur
1432 603 1453 625 a
1497 588 1670 637 perfecto

1020 653 1258 687 coniunctivi
1292 658 1350 694 87,
1387 657 1444 693 97,
1482 655 1571 692 1013
1597 655 1671 685 ter-

1017 714 1247 749 minationes
1261 714 1436 749 secunda}
1447 725 1546 761 pers.
1561 712 1674 758 sing„

1018 777 1150 824 primm
1175 783 1212 811 ct
1233 789 1304 812 sce.
1318 777 1417 823 plur.
1440 776 1551 811 cuius
1570 786 1675 809 men-

1018 851 1116 874 surm
1152 840 1241 881 sint,
1277 845 1344 880 983
1385 839 1467 873 eius
1504 850 1598 872 usus
1634 836 1676 872 in

1022 903 1225 937 sententiis
1252 901 1586 936 condicionalilms
1612 904 1678 934 aut

1020 963 1068 999 ob
1085 964 1197 999 aliam
1216 977 1368 999 causam
1389 963 1679 999 eoniunetivum

1023 1025 1255 1061 habentibus
1299 1027 1400 1074 apud
1437 1026 1677 1074 antiquiores

1023 1093 1080 1128 99,
1108 1089 1209 1135 apud
1234 1089 1439 1123 inferiores
1466 1092 1557 1134 101;
1583 1088 1679 1123 libe-

1028 1151 1107 1185 rior
1135 1164 1227 1185 usus
1253 1151 1354 1198 apud
1394 1151 1559 1186 comicos
1589 1154 1681 1192 100;

1026 1226 1095 1259 pro
1142 1213 1275 1248 futuro
1311 1212 1548 1248 coniunctivi
1594 1211 1682 1246 sim-

1025 1275 1118 1322 plici
1146 1275 1247 1321 apud
1272 1275 1554 1309 vetustissimos
1591 1276 1680 1320 1»οό-

1027 1341 1085 1371 tas
1122 1337 1223 1371 intra
1258 1349 1353 1384 quus
1382 1337 1478 1371 fines
1512 1336 1684 1383 positum

1034 1399 1098 1439 sit,
1124 1402 1190 1432 103
1227 1399 1346 1446 (apud
1380 1398 1506 1440 Lucu,
1536 1398 1685 1440 Horat„

1033 1461 1241 1505 Sallust.);
1270 1475 1317 1497 ne
1342 1462 1499 1495 ‹lia-crim
1527 1463 1618 1501 1043
1643 1460 1687 1495 in

1034 1524 1219 1571 optando,
1245 1524 1287 1558 in
1312 1522 1476 1558 vetando
1504 1525 1603 1568 (non
1626 1522 1684 1557 iu-

1034 1587 1181 1630 bendo)
1211 1590 1299 1626 1053
1328 1585 1452 1619 futuri
1478 1585 1685 1620 dubitativi

1035 1649 1120 1684 loeo
1145 1652 1212 1683 108
1242 1651 1344 1691 (raro
1372 1648 1529 1695 antiqua
1564 1648 1688 1683 forma

1035 1713 1076 1746 in
1109 1713 1175 1746 sim
1213 1715 1310 1753 108),
1346 1710 1444 1745 falso
1472 1710 1689 1756 perfeetum

1035 1779 1195 1820 putatur
1215 1777 1292 1810 109,
1329 1773 1531 1807 Transitns
1549 1773 1590 1807 in
1602 1784 1687 1819 per-

1039 1837 1181 1869 lectum
1208 1834 1447 1869 coniunctivi
1475 1838 1554 1870 111.

992 1898 1125 1933 Futur.
1150 1898 1261 1936 infin,
1288 1897 1410 1931 forma
1436 1901 1582 1931 tentata
1607 1901 1663 1931 71.

993 1960 1079 1995 Fut.
1119 1960 1280 2007 simplex
1325 1960 1371 1994 ab
1409 1964 1539 1993 exacto
1581 1958 1690 1993 tenui

1043 2022 1266 2056 discrimine
1304 2021 1499 2056 interdum
1541 2020 1689 2056 distans

1040 2090 1086 2118 80
1122 2089 1222 2124 not,
1267 2096 1354 2118 cum
1391 2096 1434 2118 co
1470 2083 1692 2130 copulatum

1043 2159 1129 2180 eum
1158 2146 1379 2179 discrimine
1404 2150 1450 2179 85
1474 2150 1555 2179 not.

995 2209 1183 2242 Futurum
1208 2207 1248 2240 in
1273 2207 1468 2253 praeterito
1495 2207 1692 2252 (fitetur-ns

1040 2272 1120 2317 fui)
1148 2269 1466 2304 condicionaliter
1491 2273 1574 2312 227,
1610 2274 1691 2306 229.

1001 2394 1263 2429 Gcrundivum
1297 2398 1486 2427 mutatum
1509 2392 1551 2426 in
1575 2391 1692 2438 parti-

1048 2457 1191 2504 cipium
1214 2455 1380 2503 perfecti
1407 2458 1488 2496 145,
1513 2456 1591 2490 149.

1001 2580 1215 2615 Heinrichii
1238 2578 1500 2615 commentarii
1519 2578 1562 2613 in
1586 2578 1692 2613 luve-

1047 2643 1172 2677 nulcm
1199 2646 1266 2678 176
1291 2647 1371 2679 not.

1005 2769 1032 2804 Ι
1062 2773 1100 2803 et
1135 2780 1156 2804 c
1192 2779 1236 2804 cx
1272 2780 1297 2801 a
1332 2766 1372 2802 in
1398 2763 1622 2813 compositis
1647 2767 1694 2800 60

1051 2841 1098 2866 no
1106 2835 1130 2868 t.
