1821 3309
55 358 315 410 hortamine,
351 358 579 399 hortante)-
613 359 748 399 futuri
782 357 882 411 (hoc
916 366 981 398 est
1012 359 1183 413 imperii
1219 364 1383 399 certum
1418 366 1526 398 tem·

56 451 137 492 pus
170 445 212 477 et
243 437 539 477 condicionem
571 435 853 489 definientis),
884 435 1124 476 hortamini
1151 445 1192 476 et
1223 436 1450 490 praesentis
1480 444 1523 476 et

55 515 206 556 futuri.
271 514 510 555 Rarissime
539 514 620 554 hoc
649 515 692 554 in
726 513 890 567 linguis
916 512 980 564 fit,
1014 522 1060 553 ut
1090 528 1373 568 personarum
1409 521 1521 554 notae

57 599 397 642 commutentur3
428 592 503 632 sed
540 593 582 631 in
616 606 746 632 causa
781 591 863 631 fuit
893 591 1145 646 infrequens
1177 590 1328 632 harum
1362 592 1522 632 forma-

57 684 152 712 rum
196 684 317 721 usus,
362 683 456 725 quae
500 670 591 710 fere
634 670 678 710 in
722 669 829 710 solis
875 668 1209 724 deponentibus,
1256 683 1337 710 nec
1379 671 1423 709 in
1467 670 1522 710 iis

57 763 198 805 saepe,
239 747 542 790 audiebantur.
601 746 694 789 Nec
733 747 821 788 alia
865 756 930 788 est
970 761 1115 797 causa,
1163 761 1238 788 cur
1283 747 1522 802 aliquanto,

57 810 185 883 quem
217 835 409 882 putatur,
452 827 610 882 saepius
647 834 817 867 veteres
856 825 1005 866 Latini
1045 827 1087 866 in
1118 824 1316 866 hortator
1349 834 1391 866 et
1424 824 1523 866 Ιιον-

57 911 206 947 tamor
235 907 402 961 passivi
437 913 582 946 notam
615 903 854 946 abiecerint
887 904 1167 959 dixerintque
1201 903 1389 955 hortulo,
1419 903 1523 944 hor-

60 989 210 1034 tante,
253 998 312 1024 ex
352 997 452 1039 quo,
497 983 709 1037 siquando
754 983 1108 1023 animadversum
1154 992 1235 1033 est,
1278 997 1364 1022 non
1405 991 1523 1023 recte

61 1061 352 1112 concluditur,
398 1062 528 1101 etiam
572 1059 695 1100 Ιιονίο
741 1061 916 1100 eosdem
962 1060 1153 1100 dicturos
1190 1060 1350 1107 fuisse,·
1385 1073 1524 1114 neque

61 1142 176 1180 enim
206 1139 288 1180 hoc
314 1139 366 1179 ad
394 1140 528 1179 totius
551 1137 690 1188 verbi,
719 1138 793 1178 sed
822 1138 873 1178 ad
903 1137 1043 1179 solam
1067 1139 1318 1193 imperativi
1341 1139 1523 1179 formam

61 1219 264 1274 pertinet.
338 1215 456 1257 Ule'lo
491 1215 556 1257 bis
588 1217 703 1257 dixit
734 1215 842 1258 Cato
875 1216 980 1270 (vid.
1013 1216 1267 1258 Schellerus
1299 1226 1342 1258 et
1372 1217 1526 1259 Rams-

62 1297 186 1338 horn.
227 1292 268 1351 p.
310 1295 427 1349 205),
472 1301 624 1336 ulmeto
667 1303 732 1335 est
765 1297 810 1335 in
850 1304 997 1336 vetere
1031 1294 1263 1350 plebiscito
1297 1296 1350 1336 de
1387 1295 1529 1336 Ther-

63 1372 286 1416 mensibus
310 1388 350 1428 p.
376 1374 458 1412 146
480 1372 620 1413 Orell.
644 1372 880 1428 (inscripm
898 1373 1029 1426 Lan),
1054 1377 1182 1413 m'le'lo
1209 1381 1251 1414 et
1274 1375 1526 1428 amplexato

64 1451 219 1494 Cicero
253 1452 426 1506 scripsit
467 1450 662 1506 (Fragm-
705 1451 756 1491 de
783 1445 877 1506 rep.
913 1452 1027 1506 apud
1067 1451 1325 1493 Diomedem
1357 1466 1397 1505 p.
1426 1452 1527 1501 33⁰,

64 1545 143 1585 pro
179 1529 354 1570 Cluent.
384 1530 455 1580 44,
488 1530 606 1579 124),
639 1529 840 1584 idemque
873 1535 1020 1570 lacento
1053 1538 1096 1571 et
1118 1534 1325 1585 patiendo
1361 1530 1526 1585 (Legg.

67 1607 148 1660 ΙῙῘ,
168 1609 210 1658 3,
233 1610 261 1649 ’7
285 1615 327 1648 et
352 1608 394 1657 4,
425 1607 519 1660 11);
550 1622 626 1663 pro
651 1607 891 1648 arbitrator
919 1608 970 1648 de
996 1607 1097 1649 Nat.
1122 1609 1257 1650 Deor.
1289 1607 1345 1658 II,
1374 1610 1445 1658 29,
1472 1609 1528 1649 74

66 1688 328 1742 optimorum
357 1685 551 1726 codicum
583 1688 819 1727 auctoritas
855 1686 1047 1742 postulat
1079 1686 1320 1735 urbib-(1103
1354 1688 1396 1726 in
1429 1685 1530 1741 lege

68 1764 261 1806 Servilia
291 1764 422 1804 etiam
455 1769 655 1804 celeseum
687 1779 763 1818 pro
797 1771 1025 1805 censenlor
1054 1766 1260 1820 scriptum
1294 1773 1358 1805 est
1389 1765 1442 1817 (e.
1475 1766 1532 1805 23

68 1859 109 1899 p.
143 1844 200 1883 66
229 1840 484 1895 Haubold).

1244 2950 1286 2979 16
