1821 3309
375 254 475 303 260

308 396 476 450 equites
520 394 783 449 acciperent,
829 393 996 444 viduas,
1030 392 1159 434 orbos
1194 393 1424 449 orbusque.
1453 393 1487 447 ¹)
1542 394 1602 436 Hi
1635 397 1766 452 igitur

304 476 337 513 si
384 488 468 513 non
503 472 746 521 solverant,
787 472 899 527 quod
941 470 1173 521 debebant,
1220 473 1375 528 pignus
1412 471 1465 513 ab
1512 475 1567 514 iis
1612 489 1767 530 capere

305 554 438 608 equiti
473 551 648 593 licebat.
713 550 859 606 Atque
892 551 1043 591 eodem
1079 551 1204 591 modo
1236 549 1426 591 solutum
1460 565 1519 592 aes
1551 562 1766 608 equestre,

304 632 415 687 quod
466 631 622 671 Livius
663 645 719 670 ex
768 628 942 685 publico
986 630 1133 670 datum
1178 630 1296 680 dicit,
1340 644 1453 671 nunc
1481 633 1765 687 perspicitur3

306 717 473 750 tantum
514 709 716 758 fortasse,
758 708 870 764 quod
914 710 1050 748 maior
1091 723 1259 748 summa
1306 716 1413 758 erat,
1457 708 1608 763 plures
1647 711 1768 751 attri-

307 787 551 829 buebantur
586 789 658 827 uui
692 788 843 842 equiti.
907 785 1246 827 Transferamus
1280 785 1370 827 haec
1401 787 1452 827 ad
1486 801 1545 827 aes
1576 786 1766 828 militaro

303 868 494 921 peditum
540 866 833 921 antiquissimi
875 866 1096 920 temporis.
1163 863 1261 905 Non
1294 879 1354 905 ex
1388 866 1542 920 aerario
1575 879 1654 906 nec
1690 880 1766 922 per

303 955 540 1000 quaestores
567 944 755 1000 singulis
784 943 996 985 militibus
1025 945 1241 999 gregariis
1272 944 1533 999 stipendium
1568 958 1767 985 numera-

305 1023 445 1073 batur,
492 1024 566 1063 scd
613 1022 964 1063 attribuebantur
1000 1023 1054 1062 iis
1101 1023 1261 1077 privati
1308 1021 1521 1074 homines,
1553 1037 1578 1063 a
1609 1019 1766 1078 quibus

304 1103 562 1156 acciperent,
605 1102 677 1156 qui
713 1102 750 1140 si
793 1115 877 1141 non
919 1099 1171 1150 solvissent,
1206 1101 1390 1155 pignora
1423 1099 1477 1141 ab
1511 1102 1575 1141 eis
1609 1115 1765 1155 capere

307 1177 467 1219 liceret.
538 1178 626 1233 lpsi
659 1187 801 1219 autem
835 1178 878 1218 hi
910 1178 1109 1218 homines
1136 1188 1208 1218 aut
1237 1182 1505 1220 numeratam
1537 1179 1763 1233 pecuniam

303 1272 358 1296 ox
411 1259 563 1298 {ci-ario
610 1258 831 1310 accepisse
877 1258 1018 1310 putari
1064 1265 1244 1311 possunt
1287 1266 1359 1297 aut
1394 1256 1620 1307 tributum,
1650 1256 1763 1313 quod

303 1336 507 1389 stipendii
553 1349 682 1374 causa
725 1332 894 1374 civibus
930 1335 1178 1387 impositum
1215 1343 1324 1383 erat,
1367 1337 1449 1389 ipsi
1484 1350 1506 1375 a
1536 1344 1653 1376 certo
1687 1350 1765 1375 nu·

304 1427 420 1453 mero
466 1414 624 1452 civium
673 1414 870 1467 coegisse
918 1420 958 1452 et
1012 1411 1168 1452 deinde
1225 1411 1436 1453 militibus
1494 1427 1762 1454 numerasse.

302 1492 446 1547 Atque.
490 1491 570 1532 hoc
612 1506 694 1546 ego
732 1490 867 1531 multo
903 1492 1047 1531 verius
1082 1499 1200 1546 puto.
1266 1489 1376 1531 Nam
1410 1491 1473 1531 sic
1505 1491 1599 1545 ipsa
1633 1504 1765 1531 causa

302 1571 430 1611 huius
465 1571 597 1611 totius
638 1570 825 1609 instituti
868 1569 1155 1625 intelligitur,
1194 1569 1305 1624 quod
1341 1568 1590 1625 respublica
1630 1568 1765 1610 inole-

300 1650 427 1689 stiam
469 1647 618 1688 tributi
651 1647 906 1702 singulatim
940 1663 964 1688 a
1000 1647 1168 1688 civibus
1202 1662 1277 1702 per
1310 1647 1507 1703 publicos
1543 1648 1764 1697 ministros

303 1726 539 1783 colligendi
581 1735 622 1767 et
655 1729 871 1768 rationum
905 1727 1148 1767 minutatim
1190 1725 1556 1768 conficiendarum
1597 1725 1763 1767 vitabat

302 1806 414 1859 (quae
457 1806 607 1846 cadem
653 1820 782 1846 causa
813 1807 895 1846 fuit
940 1804 1221 1858 vectigalium
1254 1804 1571 1858 locandorum),
1601 1812 1643 1845 et
1673 1818 1764 1846 ser-

302 1891 426 1923 vatur
469 1883 710 1925 similitudo
753 1886 850 1925 aeris
895 1885 1134 1939 equestris;
1178 1897 1274 1923 nam
1309 1898 1362 1923 ne
1393 1883 1435 1923 id
1468 1882 1640 1938 quidem
1673 1896 1761 1923 res-

301 1959 470 2015 publica
516 1960 701 2016 cogebat
746 1970 788 2002 et
834 1960 1058 2016 erogabat.
1127 1960 1297 2002 Deinde
1342 1961 1452 2002 hanc
1497 1963 1760 2002 sententiam

299 2037 556 2080 confirmare
599 2040 751 2096 aliquo
796 2041 924 2081 modo
966 2040 1134 2080 videtur
1174 2040 1388 2081 Varronis
1421 2040 1617 2092 verbum,
1648 2042 1761 2096 qnod

300 2117 554 2157 attributam
591 2120 820 2171 pecuniam
863 2118 1049 2158 tribunis
1094 2120 1259 2158 aerariis
1299 2117 1465 2169 scribit,
1497 2133 1581 2159 non
1616 2132 1760 2160 nume-

299 2199 468 2241 ramum
513 2196 652 2249 magis
685 2197 815 2235 etiam
848 2193 1125 2235 confirmaret
1158 2196 1330 2245 Festus,
1364 2195 1491 2236 modo
1522 2197 1629 2236 satis
1660 2211 1760 2237 con-

301 2270 433 2312 fidere
477 2271 644 2323 liceret,
689 2273 838 2313 brevia
879 2281 921 2312 et
959 2271 1144 2312 obseura
1181 2274 1381 2327 epitomae
1424 2272 1573 2324 verba,
1602 2273 1760 2329 quibus

299 2351 540 2404 primanum
595 2350 814 2392 tribunum
871 2352 1019 2406 prima*
1065 2350 1230 2406 legioni
1282 2350 1486 2392 trt'bulam
1533 2355 1760 2406 scripsisse

301 2428 444 2478 tradit,
487 2428 538 2469 nd
572 2429 791 2470 tribunum
839 2431 1038 2470 aerarium
1082 2430 1315 2484 pertinere,
1350 2444 1434 2485 quo
1462 2429 1579 2470 (lucit
1610 2429 1760 2471 tributi

300 2509 474 2547 mentio.
538 2506 649 2549 Nam
683 2513 912 2563 primanus
953 2509 1086 2548 etiam
1139 2508 1289 2561 primae
1329 2507 1517 2561 legionis
1560 2507 1758 2549 tribunus

301 2583 483 2624 militum
515 2599 630 2628 recte
658 2586 870 2643 appellari
906 2593 1100 2640 poterat;
1131 2593 1173 2625 et
1199 2584 1384 2642 singula}
1418 2584 1616 2641 legiones
1647 2585 1757 2626 mul-

327 2778 356 2819 ι)
395 2776 473 2813 Liv.
499 2779 528 2819 1,
554 2782 618 2819 433
656 2781 724 2814 cfr.
752 2780 832 2815 Cic.
860 2781 906 2814 de
931 2791 1009 2827 rep.
1037 2780 1097 2820 n,
1134 2782 1203 2820 20,
1239 2778 1304 2825 qui
1331 2775 1622 2826 Corinthiorum
1647 2776 1756 2811 insti-

392 2843 514 2873 tutum
540 2841 792 2886 comparando
818 2841 917 2876 idem
943 2842 989 2877 de
1016 2840 1195 2877 Romanis
1223 2838 1423 2885 significat.
1484 2837 1615 2873 Livius
1652 2837 1752 2873 solas

393 2899 522 2934 viduas
550 2902 717 2937 nominat
747 2903 785 2936 in
816 2903 886 2937 bac
913 2915 962 2939 rc.
