1821 3309
290 196 293 197 ⁷
326 217 423 265 246

261 352 528 411 temporibus
569 344 758 394 iudicum
803 365 1034 393 consessus
1076 365 1133 391 ex
1175 349 1313 390 tribus
1355 349 1446 391 illis
1487 349 1724 404 generibus

259 432 486 488 aequaliter
505 434 759 473 coniunctos
789 431 1004 481 videmus,
1034 437 1080 469 ut
1110 430 1155 469 in
1179 427 1241 469 M.
1270 429 1424 470 Scauri
1453 443 1601 480 causa,
1630 443 1723 484 quae

262 526 375 553 anno
410 513 614 567 proximo
646 518 745 566 post
771 509 956 550 alterum
985 508 1182 563 Pompeii
1213 507 1485 548 consulatum
1518 516 1614 549 acta
1645 515 1726 557 est,

263 590 377 645 apud
430 590 671 630 Asconium
724 596 925 629 extremo
971 588 1283 628 commentario
1330 596 1372 627 et
1411 587 1455 626 in
1497 588 1577 635 iis,
1618 599 1726 642 quas

264 666 419 708 Cicero
464 676 773 708 commemorat
814 668 856 707 in
901 668 1027 722 epist.
1075 666 1128 707 ad
1170 666 1225 715 Q.
1265 666 1335 707 Fr.
1378 664 1436 716 ΙΙ,
1476 665 1520 714 6,
1552 649 1595 715 6,
1631 677 1726 720 quae

264 748 425 801 scripta
467 755 533 787 est
572 761 685 787 anno
726 755 826 786 ante
867 745 1064 799 Pompeii
1098 743 1259 799 legem,
1291 754 1334 783 et
1368 742 1424 793 ΙΙ,
1458 745 1527 794 16,
1556 744 1598 793 3,
1629 755 1724 798 quae

264 839 378 865 anno
419 833 517 880 post
556 824 700 880 legem
742 826 904 879 scripta
946 832 1026 863 est.
1089 823 1235 878 Atque
1268 821 1359 862 haec
1389 830 1455 862 est
1487 810 1563 861 leit
1601 821 1726 861 Pom-

264 905 362 958 peia
404 904 456 944 de
497 903 737 954 iudicibus,
783 916 876 958 quae
921 916 945 942 a
990 900 1202 941 Cicerone
1245 902 1494 941 nominatur
1534 898 1728 954 Philipp.

266 980 301 1030 Ι,
333 984 377 1030 8,
409 984 465 1022 20
491 982 586 1036 (cfr.
608 982 681 1022 Ps.
708 980 890 1023 Sallust.
923 980 976 1020 de
1017 994 1108 1035 rep.
1148 980 1239 1020 ord.
1270 979 1329 1030 ΙΙ,
1371 979 1430 1032 3).
1488 976 1581 1019 Nec
1612 979 1730 1034 quic-

268 1074 396 1115 quam
447 1060 499 1101 de
539 1060 730 1099 iudicum
779 1057 1015 1114 generibus
1060 1066 1272 1098 mutatum
1329 1065 1395 1098 est
1439 1059 1492 1097 iis
1539 1055 1730 1112 legibus,

267 1152 373 1193 quas
418 1137 651 1192 Pompeius
705 1134 883 1178 tertium
935 1145 977 1176 et
1027 1135 1148 1176 solus
1191 1134 1343 1177 consul
1387 1134 1487 1175 tulit
1541 1136 1596 1188 (a.
1640 1136 1729 1188 52),

268 1231 528 1271 quamquam
565 1215 702 1256 multa
745 1224 834 1256 tum
876 1216 919 1254 in
967 1215 1139 1255 indiciis
1175 1222 1334 1255 novata
1377 1222 1494 1254 sunt.
1554 1211 1731 1268 Negant

267 1304 410 1335 tamen
456 1294 677 1348 plerique,
719 1301 764 1332 ut
805 1307 941 1347 nuper
978 1290 1180 1332 Baiterus
1225 1292 1333 1347 (ind.
1375 1291 1464 1347 leg.
1501 1306 1542 1344 p.
1571 1292 1673 1344 247)
1705 1306 1730 1331 a

268 1371 456 1412 lx'lenzio
498 1369 763 1425 (Prole-gom.
809 1370 860 1410 ad
902 1369 989 1425 leg.
1019 1370 1146 1410 Serv.
1187 1384 1229 1423 p.
1260 1368 1325 1410 IV
1355 1378 1444 1412 not.
1473 1369 1514 1419 5,
1546 1385 1587 1425 p.
1616 1369 1730 1411 XVI

267 1458 355 1490 not.
385 1449 457 1502 77)
490 1448 767 1498 dissentiens,
799 1448 1056 1502 Pompeium
1091 1456 1181 1488 tum
1226 1447 1278 1488 de
1321 1447 1495 1487 iudiciis
1527 1449 1732 1488 universe

267 1526 436 1578 tulisse,
482 1528 556 1568 sed
601 1541 667 1577 ea,
709 1540 802 1581 quae
848 1528 1082 1567 constituta
1127 1535 1373 1576 narrantur,
1416 1527 1558 1581 capita
1591 1526 1727 1567 fuisse

266 1605 415 1661 legum
456 1607 509 1647 de
554 1604 719 1646 ambitu
764 1614 806 1646 et
849 1605 901 1645 de
944 1606 1002 1645 vi.
1070 1603 1117 1645 Id
1160 1619 1312 1646 verum
1355 1617 1469 1652 esse,
1502 1605 1728 1646 ostendere

268 1685 438 1724 videtur
461 1683 681 1726 Asconius
712 1685 755 1724 in
780 1691 1037 1739 argumento
1062 1684 1271 1723 orationis
1291 1681 1546 1726 Milonianae
1568 1699 1609 1739 p.
1635 1684 1732 1735 145,

267 1763 374 1803 duas
408 1771 574 1803 tantum
616 1761 694 1802 has
734 1761 859 1817 leges
899 1777 923 1802 a
956 1761 1165 1816 Pompeio
1209 1761 1510 1817 promulgatas
1544 1776 1730 1803 comme-

268 1854 441 1881 morans
473 1848 515 1880 et
546 1842 589 1880 in
622 1842 676 1880 iis
708 1855 759 1880 ea
789 1840 841 1879 de
875 1838 1077 1880 breviore
1103 1839 1363 1880 iudiciorum
1403 1840 1543 1880 forma
1583 1849 1732 1882 sancta

270 1930 365 1957 esse
396 1931 593 1968 narrans,
628 1933 721 1973 quae
755 1918 832 1958 alii
862 1919 907 1958 in
938 1917 1135 1973 generali
1168 1918 1220 1958 de
1254 1917 1427 1958 iudiciis
1460 1917 1560 1973 lege
1591 1920 1733 1974 posita

271 1994 407 2035 fuisse
456 2004 624 2050 putant.
689 1997 776 2038 Sed
821 2006 867 2037 ut
911 1996 993 2037 hoc
1034 2010 1211 2051 prorsus
1256 1998 1316 2037 ita
1370 2010 1467 2036 esse
1510 1997 1734 2048 existimo,

271 2072 436 2114 nullam
479 2083 569 2114 tum
615 2089 639 2114 a
682 2075 892 2129 Pompeio
934 2077 1168 2130 separatim
1202 2074 1335 2115 latam
1371 2089 1468 2115 esse
1500 2073 1647 2131 legem
1679 2076 1731 2116 de

273 2150 459 2200 indiciis,
482 2151 557 2201 ita,
579 2153 616 2190 si
642 2152 723 2192 hoc
748 2154 995 2202 statuimus,
1018 2151 1127 2192 illud
1149 2153 1436 2192 certissimum
1461 2159 1544 2199 est,
1573 2151 1733 2207 legem,

273 2241 366 2281 quae
412 2228 464 2267 de
511 2226 674 2268 ambitu
718 2228 806 2269 lata
852 2238 931 2279 est,
972 2228 1101 2269 simul
1134 2243 1291 2270 novam
1322 2229 1505 2270 formam
1539 2232 1733 2284 praescri-

365 2386 451 2409 σεως
475 2383 613 2406 nomen
641 2374 897 2418 perturbavit,
926 2375 993 2408 illo
1025 2379 1193 2419 tempore
1219 2378 1451 2420 quaestorum
1476 2378 1603 2420 partes
1630 2379 1736 2409 eraut

363 2433 402 2466 in
442 2432 527 2466 albo
565 2434 736 2468 iudicum
774 2435 1027 2470 conficiendo.
1097 2435 1230 2482 Neque
1254 2435 1295 2468 id
1320 2446 1480 2481 prorsus
1506 2433 1735 2469 incredibile

367 2499 447 2534 est,
489 2495 667 2541 quoniam
705 2496 826 2530 videri
864 2502 1027 2542 possunt
1064 2496 1133 2530 suh
1171 2507 1301 2530 corum
1331 2495 1506 2530 custodia
1534 2496 1575 2530 in
1602 2496 1733 2530 aerario

367 2554 503 2588 tabulae
530 2562 686 2592 servatae
712 2569 816 2597 essm
860 2557 927 2591 scd
963 2569 1026 2592 eos
1057 2557 1160 2592 solos
1189 2562 1332 2591 tantam
1356 2568 1435 2591 rem
1462 2561 1499 2591 ct
1529 2568 1614 2590 cum
1639 2568 1732 2602 prae-

367 2621 492 2649 lorum
517 2618 741 2662 magistratu
770 2623 844 2652 tam
871 2619 1112 2653 coniunctam
1131 2623 1327 2660 tractasse,
1351 2629 1555 2664 numquam
1572 2617 1731 2652 credam.

364 2677 484 2712 Miror
520 2679 622 2712 hunc
658 2680 796 2713 Dionis
835 2681 962 2715 locum
999 2692 1156 2727 prorsus
1185 2680 1340 2714 silentio
1366 2678 1606 2725 praetermitti
1633 2691 1652 2712 a
1679 2680 1732 2713 rei

364 2739 557 2773 iudicialis
595 2741 860 2785 scriptoribus.
925 2743 1018 2785 Quae
1054 2741 1254 2776 Fabricius
1289 2740 1336 2774 dc
1364 2739 1619 2786 quaestoribus
1648 2751 1731 2775 een-

369 2801 551 2834 inmviros
572 2802 797 2844 cogentibus
823 2803 1020 2843 adscribit,
1042 2802 1274 2837 alienissima
1293 2805 1406 2845 suut3
1432 2813 1503 2835 nec
1525 2806 1733 2849 quaestorcs

369 2861 403 2894 id
436 2861 572 2895 scu-isso
595 2862 801 2895 Suetonius
830 2864 919 2896 «livii
943 2864 1158 2902 (Octavian.
1179 2867 1252 2900 36),
1282 2863 1345 2896 sod
1365 2869 1557 2908 quoeslmw
1570 2864 1732 2906 fam-los.
