1821 3309
220 207 320 256 356

227 350 288 397 Β.
358 347 435 395 De
469 347 590 396 locis
626 345 872 394 nonnullis
901 343 1154 392 Ciceronis
1193 351 1239 392 et
1268 344 1563 406 Quintiliani
1607 338 1610 339 ⁷

553 438 725 486 melius
761 435 1173 503 interpungendis.
1202 437 1247 499 1)

270 555 439 598 Malam
478 552 716 597 verborum
759 553 1157 608 interpunctionem
1202 553 1247 593 in
1292 561 1489 594 veterum
1531 553 1638 593 scri·

155 647 328 695 ptorum
362 635 487 677 libris
518 648 632 690 saepe
657 634 918 674 sententiam
945 634 1211 685 pervertisse
1243 641 1285 673 et
1308 633 1635 690 corrumpendae

159 720 383 774 scripturae
403 729 577 756 causam
598 713 754 763 fuisse,
783 727 935 754 omnes
966 720 1143 762 norunt,
1175 727 1315 768 neque
1347 714 1474 769 pauci
1501 715 1634 754 etiam

159 814 274 840 nunc
306 797 377 837 vel
408 798 453 836 in
486 797 538 835 iis
573 793 715 843 libris,
746 794 817 850 qui
837 793 1089 848 frequenter
1123 800 1165 832 et
1199 791 1408 846 leguntur
1437 803 1479 834 et
1499 793 1634 834 edun-

158 889 245 930 tur,
275 877 361 918 loci
396 884 521 927 sunt,
553 875 627 930 qui
657 881 832 929 propter
866 872 1116 912 huiusmodi
1150 872 1305 913 menda
1341 874 1483 913 minus
1517 881 1636 913 recte

160 958 487 1013 intelliguntur.
572 952 842 994 Huiusmodi
889 951 997 991 loeis
1056 951 1238 992 meliore
1284 953 1636 1009 interpunctione

159 1038 396 1080 subvenire
432 1049 519 1076 non
550 1047 729 1090 prorsus
763 1033 929 1088 exigua
949 1030 1108 1072 criticae
1129 1046 1228 1088 pars
1246 1041 1338 1075 est:
1372 1046 1636 1088 quamquam

161 1133 247 1160 non
283 1119 455 1172 ignoro,
497 1113 659 1155 multos
691 1126 802 1161 esse,
847 1112 918 1167 qui
955 1120 998 1152 et
1029 1113 1168 1168 signis
1201 1111 1291 1153 illis
1327 1113 1540 1153 orationis
1572 1111 1637 1152 di-

161 1196 436 1254 stinguendae
468 1195 625 1235 mirum
668 1193 711 1232 in
753 1191 926 1232 modum
958 1190 1193 1232 abutantur
1225 1200 1267 1232 et
1299 1190 1380 1232 hoc
1408 1193 1634 1247 interpun-

162 1278 320 1321 ctionis
353 1273 572 1316 auxilium
606 1272 659 1312 ad
692 1272 907 1311 eiusmodi
941 1269 1223 1312 difficultates
1259 1271 1478 1312 tollendas
1510 1271 1634 1312 adhi-

161 1357 309 1406 beant,
345 1369 440 1412 quae
471 1352 603 1394 aliam
635 1351 893 1392 medicinam
926 1351 1166 1405 requirant.
1249 1348 1393 1391 Multo
1433 1352 1549 1391 enim
1592 1359 1636 1391 et

161 1444 365 1479 accurato
399 1433 543 1474 studio
580 1445 689 1486 opus
722 1439 803 1481 est,
836 1439 881 1470 ut
914 1438 1093 1481 teneas,
1125 1427 1284 1485 quibus
1318 1428 1430 1471 locis
1460 1445 1538 1486 per
1572 1429 1637 1471 lo-

160 1517 321 1575 quendi
355 1528 481 1554 usum
515 1521 558 1553 et
587 1510 757 1567 periodi
781 1509 998 1551 struendae
1030 1511 1242 1551 rationem
1278 1518 1321 1550 et
1352 1524 1634 1552 numerorum

157 1598 285 1654 leges
324 1596 529 1636 insistere
571 1591 761 1633 orationi
801 1589 956 1640 liceat,
1008 1588 1081 1630 ubi
1125 1588 1263 1630 fluere
1305 1589 1492 1640 debeat,
1539 1606 1634 1647 quae

162 1677 438 1726 cohaereant,
501 1687 596 1729 quae
647 1669 939 1725 disiungenda
991 1678 1116 1718 sunt3
1174 1671 1218 1710 in
1272 1685 1357 1726 qua
1409 1686 1457 1712 re
1500 1670 1638 1713 multa

162 1756 337 1800 errandi
369 1753 553 1796 materia
588 1760 668 1793 est.
730 1749 862 1791 Libet
905 1750 986 1790 hoc
1025 1749 1123 1791 loco
1169 1765 1256 1791 uno
1305 1760 1348 1791 et
1379 1750 1518 1792 altero
1554 1767 1636 1793 ex-

162 1836 306 1893 emplo
350 1832 608 1884 ostendere,
658 1845 787 1888 quam
835 1829 923 1871 late
971 1830 1062 1871 haec
1101 1839 1250 1886 puteat
1282 1831 1394 1872 ratio
1419 1841 1470 1876 ,et
1504 1846 1633 1887 quam

161 1916 286 1959 utilis
320 1916 389 1956 sit.

274 1995 325 2036 In
353 1993 580 2035 Ciceronis
612 1992 810 2032 oratione
844 2003 920 2045 pro
954 1987 1159 2029 Cluentio
1192 2003 1226 2029 c.
1248 1990 1319 2040 47,
1340 1991 1419 2030 131
1452 1990 1515 2030 sic
1531 1991 1637 2031 scri-

163 2076 305 2118 bitur:
341 2072 534 2122 Quodsi
560 2070 674 2112 hanc
707 2069 827 2125 apud
857 2069 1025 2110 eosdem
1057 2072 1174 2123 ipsos
1203 2079 1401 2109 censores·
1430 2064 1539 2107 milei
1560 2054 1663 2107 aut*

259 2279 440 2323 quentem
455 2277 684 2307 transeatur.
735 2272 871 2318 ltaque
896 2270 1073 2316 neglecta
1098 2281 1186 2303 vera
1214 2268 1439 2303 emendandi
1465 2268 1526 2302 via
1553 2268 1638 2315 ipse

261 2343 301 2373 et
330 2336 493 2382 vestigia
521 2335 698 2369 codicum
723 2346 883 2381 prorsus
910 2332 1053 2367 (leserit
1079 2335 1181 2377 (nani
1209 2333 1302 2366 dicit
1326 2338 1364 2367 tc
1393 2331 1498 2366 tollit
1526 2336 1564 2366 et
1589 2343 1635 2366 ex

259 2401 368 2435 iudet
392 2398 486 2433 facit
513 2399 687 2439 iudicem)
730 2401 768 2431 et
801 2396 1069 2430 incredibilem
1105 2395 1271 2429 subiecti
1307 2394 1559 2428 mutationem
1586 2393 1640 2428 es-

261 2462 359 2503 ficit,
384 2473 433 2495 ne
456 2460 529 2494 alia
547 2459 834 2506 reprehendam.
888 2459 1029 2493 Praeter
1050 2457 1120 2492 hos
1147 2457 1243 2492 duos
1272 2456 1508 2500 Quintiliani
1530 2456 1638 2491 locos

264 2523 467 2559 Ciceronis
493 2523 621 2557 locum
658 2534 702 2556 ex
728 2521 903 2556 oratione
931 2533 1000 2567 pro
1028 2520 1210 2554 Cluentio
1236 2532 1265 2554 c.
1297 2522 1355 2559 34,
1382 2522 1427 2553 92
1455 2523 1640 2553 tractave-

263 2600 346 2622 ram
371 2585 690 2632 ostenderamque
714 2597 784 2631 pro
812 2596 869 2624 eo,
888 2583 991 2630 quod
1018 2582 1225 2618 edebatur:
1254 2582 1417 2627 infestus
1441 2587 1519 2616 tum
1543 2594 1640 2627 prce-

265 2655 326 2683 tor
352 2649 462 2683 Iunio
484 2648 578 2693 fuit,
620 2646 865 2681 scribendum
891 2657 975 2680 esse
1006 2646 1168 2691 populus
1193 2645 1387 2679 Romanus
1422 2645 1487 2688 (P.
1501 2644 1546 2678 R.
1564 2655 1636 2690 pro

265 2711 383 2752 PR).
431 2710 527 2744 Eam
561 2709 863 2756 disputationem
887 2720 991 2742 nunc
1027 2707 1189 2750 omitto,
1225 2705 1406 2754 quoniam
1446 2704 1502 2739 sic
1535 2717 1639 2740 nunc

268 2772 398 2807 editur
423 2777 460 2806 et
489 2783 550 2806 res
575 2771 778 2818 perspicua
805 2775 873 2805 est.
920 2772 967 2806 Α.
993 2769 1113 2813 1842]

210 2835 243 2880 ¹)
273 2835 345 2879 [Ex
372 2834 552 2870 Seebodii
577 2834 785 2869 Tabulario
812 2833 919 2869 Novo
943 2829 1171 2876 Philologiae
1191 2841 1223 2865 a.
1243 2830 1333 2863 1829
1354 2830 1458 2864 n.34.
1488 2827 1641 2878 Scripta

267 2911 295 2931 a.
323 2898 440 2941 1827]
