1821 3309
334 212 433 259 2⁴4

268 353 451 393 ordines
493 351 607 391 enim
651 349 729 389 hos
775 358 861 389 ires
896 348 1115 390 Asconius
1159 358 1286 390 vocat
1319 351 1371 391 ad
1407 359 1516 391 orat.
1551 350 1727 394 Cornel.

264 449 302 487 p.
332 434 388 472 98
417 430 536 479 ssot„
566 428 617 468 ad
651 426 847 467 tribunos·
882 428 1011 468 etiam
1045 428 1222 489 aerafios
1255 443 1350 469 eam
1383 429 1723 485 appellationem

262 508 611 555 accommodam,
649 506 763 561 qnod
795 506 899 547 facit
933 507 1062 546 etiam
1096 515 1355 560 personatus
1400 507 1637 549 Sallustius
1683 507 1726 550 iu

261 587 447 643 epistola
490 588 584 626 sive
619 584 937 625 declamatione
971 584 1110 625 altera
1152 585 1204 625 de
1240 586 1481 627 ordinanda
1521 602 1568 628 re
1606 585 1728 643 publ.

261 683 295 707 c.
328 669 369 706 3.
432 665 539 705 Haec
568 666 650 704 tria
692 664 882 704 iudicum
929 677 1092 718 genera
1132 665 1328 704 servavit
1361 663 1440 704 Cn.
1475 665 1727 720 Pompeius,

260 759 390 800 quum
418 745 574 783 iterum
607 741 759 782 consul
787 741 846 791 (a.
873 741 944 793 55)
978 740 1120 796 legem
1155 741 1255 782 tulit
1288 742 1341 782 de
1374 743 1564 795 iudiciis,
1595 758 1724 798 quam

259 823 413 864 Cicero
455 823 496 861 in
529 821 726 861 oratione
759 820 801 858 in
842 818 1044 859 Pisonem
1079 834 1113 860 c.
1144 821 1214 869 39,
1246 821 1302 860 94
1332 831 1643 862 commemorat
1679 831 1722 862 et

350 1018 446 1050 falso
474 1018 615 1055 narrat,
651 1012 834 1059 perlatam
862 1023 944 1046 esse
973 1012 1206 1048 ”assistente
1234 1014 1434 1057 Quinctio,
1466 1012 1726 1060 tribunusple-

347 1078 422 1116 his,
447 1076 508 1109 vel
534 1074 754 1114 Palicano,‘'
790 1085 952 1119 quorum
979 1072 1045 1106 ille
1071 1085 1099 1106 a.
1128 1076 1185 1113 74,
1216 1074 1280 1108 hic
1306 1088 1340 1111 a.
1365 1078 1408 1108 71
1437 1074 1618 1108 tribunus
1646 1074 1726 1109 sue-

348 1144 406 1173 rat
445 1136 538 1181 (vid.
575 1136 621 1170 de
657 1135 835 1169 Palicano
876 1133 1018 1179 disput.
1058 1139 1191 1168 nostra
1234 1135 1280 1169 de
1317 1135 1487 1170 Asconio
1524 1148 1560 1182 p.
1587 1138 1653 1170 116
1690 1140 1727 1169 et

349 1198 551 1246 Zumptius
578 1197 624 1231 ad
655 1197 760 1230 Verr.
787 1196 826 1236 1,
865 1197 934 1235 47,
975 1198 1073 1239 122).
1125 1195 1291 1237 Cicero,
1334 1197 1401 1242 qui
1427 1195 1519 1230 alibi
1547 1195 1724 1230 tribuno·

348 1260 499 1296 aerarios
533 1258 604 1292 hae
641 1258 725 1302 lege
766 1257 980 1290 iudicantes
1021 1261 1291 1290 commemorat
1321 1257 1387 1301 (ad
1419 1257 1495 1300 Qu.
1522 1257 1584 1292 Fr.
1618 1257 1667 1297 ll,
1693 1260 1727 1297 6,

346 1325 381 1360 6,
406 1320 455 1361 ll,
483 1323 537 1359 16,
562 1322 596 1359 3,
623 1318 669 1351 ad
694 1318 773 1350 Att.
801 1317 841 1357 1,
869 1318 954 1359 16),
990 1327 1060 1361 pro
1088 1316 1242 1351 Cluent.
1274 1319 1342 1358 47,
1379 1321 1447 1351 130
1473 1320 1619 1353 iudicia
1644 1331 1725 1353 cum

345 1381 512 1428 equestri
536 1380 669 1413 ordine
692 1378 965 1413 communicata
990 1376 1099 1417 dicit,
1138 1377 1315 1411 tribunos
1349 1379 1502 1413 aerarios
1529 1379 1723 1413 omittens.

343 1442 510 1477 Eosdem
535 1440 680 1474 omittit
710 1438 884 1473 Velleius
900 1438 949 1478 ΙΙ,
978 1441 1023 1473 32
1049 1438 1188 1480 (Cotta
1214 1440 1416 1473 iudicandi
1435 1452 1571 1474 numus
1600 1452 1724 1486 oequa-

346 1505 433 1537 liter
460 1505 559 1536 inter
594 1507 791 1549 utu-tamque
817 1502 1010 1539 ordinem,
1058 1504 1230 1532 senatum
1268 1504 1306 1533 et
1341 1500 1512 1547 equites,
1554 1503 1726 1547 partitus

345 1569 415 1609 est)
452 1569 489 1598 et
524 1562 754 1597 Plutarchus
790 1561 924 1608 Pomp.
950 1565 1019 1601 22,
1054 1560 1120 1608 qui
1157 1560 1354 1607 equitibus
1393 1562 1543 1597 reddita
1578 1562 1721 1597 iudicia

345 1625 482 1660 scribit
507 1622 586 1669 (τοὶς
618 1622 714 1661 δίκας
737 1623 915 1669 περιεῖδεν
942 1618 1045 1658 (ιῖθις
1071 1621 1117 1657 εἰς
1141 1621 1218 1657 τοὺς
1248 1620 1376 1657 ἱππέας
1401 1621 1499 1668 νόμῳ
1524 1637 1724 1669 μεταφερο·

343 1691 458 1733 μένας.
483 1686 687 1721 Ernestius
722 1685 763 1718 in
798 1684 876 1722 ind.
902 1684 1028 1729 legum
1054 1683 1148 1717 mire
1173 1684 1255 1717 haec
1286 1683 1401 1718 verba
1425 1684 1471 1718 ad
1498 1696 1578 1719 eam
1603 1685 1724 1731 legem

344 1748 485 1789 refert,
521 1760 633 1793 quam
667 1746 871 1792 Pompeius
906 1745 947 1778 in
984 1744 1151 1778 secundo
1185 1744 1388 1778 consulatu
1426 1745 1552 1790 tulit).
1602 1748 1723 1780 Asco-

343 1810 450 1843 nium
474 1808 768 1855 suppositicium
794 1807 841 1840 ad
865 1805 951 1841 init.
977 1807 1061 1839 Act.
1088 1805 1104 1838 1
1131 1805 1172 1838 in
1196 1805 1303 1839 Verr.
1333 1808 1384 1852 (p.
1413 1809 1482 1840 127
1511 1806 1578 1842 Or.
1609 1807 1723 1841 Colla

342 1872 458 1916 leqem
492 1871 756 1915 promulgarat
792 1869 838 1902 cle
871 1868 1114 1902 restituendis
1140 1868 1291 1900 iudiciis
1322 1870 1490 1914 equestri
1514 1868 1659 1911 ordini)
1685 1871 1723 1900 et

343 1931 589 1965 seholiastam
617 1930 902 1964 Gronovianum
929 1929 975 1962 ad
1001 1930 1086 1962 Act.
1117 1929 1145 1969 1,
1174 1928 1188 1961 l
1218 1931 1268 1973 (p.
1297 1931 1366 1962 386
1393 1928 1494 1972 On),
1531 1928 1596 1975 qui
1633 1940 1722 1975 pau-

342 1995 397 2026 eis
426 1998 514 2039 post
538 1992 714 2026 versibus
741 1991 917 2024 tribunos
943 1990 1072 2030 addit,
1104 2002 1182 2023 non
1209 2001 1324 2028 euro,
1359 2001 1408 2023 ne
1436 1989 1611 2023 Tacitum
1639 1989 1721 2036 qui-

341 2054 424 2088 dem
440 2080 450 2094 ,
477 2054 542 2101 qui
567 2054 666 2086 Ann.
692 2052 771 2093 XI,
797 2056 843 2085 22
871 2063 951 2085 rem
975 2051 1114 2085 leviter
1140 2051 1357 2097 attingens,
1401 2051 1549 2096 equites
1574 2050 1721 2085 iudicia

339 2124 608 2159 recuperasse,
632 2126 765 2159 parum
792 2112 1000 2156 diligenter
1025 2112 1183 2151 scribit,
1221 2117 1401 2158 tanquam
1427 2110 1525 2150 soli,
1562 2115 1609 2149 ut,
1631 2115 1719 2145 ante

288 2208 290 2210 ,
340 2173 510 2213 Sullam,
546 2174 764 2213 tenuerint,
803 2177 868 2205 aut
903 2172 1093 2216 epitomen
1125 2172 1222 2205 Livii
1253 2171 1343 2204 libri
1368 2170 1524 2204 XCVH.
1579 2171 1718 2206 Verum

340 2233 478 2268 Cicero
509 2234 621 2268 etiam
650 2234 691 2267 in
717 2232 918 2273 Yon-inis,
944 2244 1025 2278 quae
1052 2233 1190 2278 partim
1218 2238 1296 2266 tum
1324 2222 1436 2266 die-tae
1464 2235 1575 2272 sunt,
1603 2243 1718 2277 quum

338 2295 399 2329 lex
431 2294 554 2329 Cottae
582 2294 888 2341 exspectabatur,
929 2294 1068 2339 partim
1106 2299 1185 2327 tum
1212 2294 1324 2328 ‹lictae
1350 2293 1564 2337 finguntur,
1605 2304 1721 2339 quum

338 2356 399 2389 lex
424 2356 665 2402 promulgata
693 2360 805 2396 esset,
841 2367 919 2389 non
945 2355 1082 2395 solum,
1116 2355 1180 2388 uhi
1212 2355 1403 2395 universe,
1431 2353 1524 2400 quid
1549 2353 1715 2400 populus

340 2417 481 2463 cupiat,
506 2417 697 2462 significat
723 2417 914 2463 (Diuinat.
939 2420 973 2457 3,
1003 2420 1043 2449 8:
1071 2418 1161 2450 ordo
1191 2428 1335 2463 quoque
1361 2416 1475 2456 alius,
1512 2420 1549 2449 et
1577 2417 1663 2451 Act.
1689 2415 1719 2456 l,

340 2481 397 2518 16,
422 2481 484 2512 49:
512 2480 629 2512 alium
657 2480 803 2512 omnino
832 2479 1032 2521 ordinem),
1060 2477 1126 2511 sed
1152 2477 1264 2510 etiam
1291 2476 1357 2510 uhi
1381 2476 1504 2523 ipsius
1533 2477 1630 2523 legis
1657 2488 1713 2510 ar·

337 2543 578 2583 gumentum,
612 2539 666 2573 ita
700 2540 897 2586 loquitur,
934 2544 1123 2585 tamquam
1150 2538 1196 2572 de
1222 2538 1316 2572 solis
1344 2537 1540 2585 equitibus
1568 2541 1715 2582 agatur,

336 2610 415 2632 non
441 2599 487 2634 (lc
516 2601 632 2635 tertio
661 2601 729 2635 illo
757 2611 894 2646 genere
921 2600 1165 2634 tribunorum
1193 2599 1278 2643 (lib.
1305 2599 1354 2640 ll,
1388 2602 1447 2640 71,
1478 2600 1556 2638 174,
1586 2597 1631 2637 V,
1656 2600 1715 2637 69,

338 2661 426 2699 177,
452 2661 611 2696 maxime
637 2667 762 2696 autem
787 2662 866 2702 ΠΙ,
893 2666 957 2702 96,
983 2665 1069 2695 223:
1114 2673 1188 2695 rem
1223 2661 1413 2705 publicam
1438 2660 1571 2692 sistere
1597 2664 1712 2704 neque

336 2732 467 2763 posse,
505 2724 581 2756 m‘si
617 2724 671 2757 ml
709 2729 913 2770 equestrem
951 2724 1118 2757 ordinem
1154 2722 1297 2755 iudicia
1320 2719 1571 2764 reserantur).
1622 2718 1714 2754 llaec

339 2791 449 2826 quam
477 2782 769 2827 explicationem
794 2783 973 2825 habeant.
1004 2783 1118 2830 paulo
1145 2786 1234 2828 post
1261 2780 1419 2814 dicetur.
