1821 3309
300 199 400 248 ’Ζίῆἓ

237 337 478 391 Krarupius
528 333 719 375 exclusit
770 347 943 381 omnes3
996 341 1111 374 certe
1153 333 1399 375 huiusmodi
1433 326 1532 385 est,
1575 334 1688 389 quod

234 420 274 466 ᾖ.
303 417 358 456 74
389 421 503 454 extr.
538 412 767 452 adnotatur
788 412 838 465 ¹).

344 491 415 533 Ad
442 491 843 546 praestantissimam
874 491 1007 545 igitur
1031 489 1160 530 huius
1188 490 1349 531 codicis
1374 491 1691 539 auctoritatem,

235 571 287 612 ad
321 585 447 626 quem
479 568 555 610 alii
590 569 850 623 cognatione
884 569 1194 625 adiunguntur,
1226 568 1348 609 velut
1383 567 1518 610 multo
1550 576 1593 608 et
1625 581 1692 607 re·

233 650 399 691 centior
430 656 473 688 et
514 649 792 703 depravatior
827 647 1127 697 Haenelianus‚
1162 647 1298 688 multo
1330 648 1414 688 iam
1447 647 1691 688 accuratius

232 728 346 769 huuc
386 725 585 767 libellum
631 728 781 782 exegi,
826 740 905 766 nec
951 739 1088 780 pauca
1132 739 1190 765 ex
1223 740 1274 765 eo
1314 726 1503 773 restitui,
1533 724 1690 778 partim

233 805 465 847 accedente
508 804 694 845 aliorum
741 803 924 843 diversae
971 804 1154 858 originis
1200 803 1396 843 codicum
1428 801 1692 851 testimonio,

235 886 428 926 maxime
468 883 736 923 Erfurtensis
788 890 830 922 et
872 880 1177 932 Trevirensis,
1235 890 1310 922 aut
1350 882 1575 936 utriusque
1616 886 1692 920 aut

232 964 414 1005 alterius
446 975 596 1002 eorum
628 959 769 1014 (velut
794 963 831 1011 ξ.
854 961 908 1000 15
929 961 972 1000 in
996 974 1103 1001 voce
1130 961 1386 1015 complector
1409 973 1487 1014 pro
1510 957 1689 1013 vulgato

233 1041 494 1094 contemplor
536 1039 820 1088 ledunensis,
861 1039 903 1078 in
939 1039 1193 1088 omittenda,
1229 1053 1354 1093 quam
1385 1037 1590 1078 Klotzius
1620 1049 1688 1076 re-

232 1119 440 1165 duxerat,
480 1116 787 1171 praepositione
825 1123 925 1156 ante
969 1131 1064 1157 voc.
1109 1121 1334 1157 iuventute
1367 1114 1690 1163 Trevirensis);

231 1195 443 1238 nonnulla
472 1204 632 1243 autem,
666 1206 759 1248 quae
792 1207 928 1248 nuper
958 1209 982 1234 a
1009 1193 1188 1235 Klotzio
1220 1209 1276 1235 ex
1312 1194 1461 1235 alteris
1496 1191 1586 1232 illis
1620 1204 1689 1231 co-

229 1273 399 1316 dicibus
442 1274 485 1311 in
532 1272 727 1312 ordinem
761 1280 934 1326 recepta
975 1282 1113 1323 erant,
1155 1287 1304 1312 rursus
1332 1270 1486 1328 expuli
1519 1269 1574 1311 ob
1608 1283 1689 1310 au-

229 1353 474 1394 ctoritatem
504 1350 664 1390 codicis
692 1349 803 1404 regii
826 1356 899 1388 aut
923 1348 1021 1388 aliis
1044 1351 1306 1389 testimoniis
1340 1349 1480 1402 (velut
1504 1351 1545 1389 in
1571 1350 1610 1400 §.
1633 1348 1690 1388 46

229 1433 272 1471 in
304 1428 543 1470 omittenda
591 1441 697 1468 voce
738 1429 825 1466 iam
867 1425 1000 1467 Nonii
1042 1443 1083 1482 p.
1109 1429 1192 1468 236
1222 1427 1376 1480 Mero.)
1413 1435 1487 1467 aut
1521 1427 1688 1467 ratione

228 1506 544 1557 confirmatam,
584 1507 707 1546 cuius
748 1506 923 1559 generis
967 1514 1048 1556 est,
1094 1506 1204 1560 quod
1248 1508 1285 1557 ξ.
1322 1506 1379 1545 65
1407 1508 1582 1546 servavi
1613 1504 1691 1545 sed

229 1600 338 1637 eum,
370 1584 445 1625 ubi
468 1583 671 1625 Klotzius
702 1583 903 1623 mendum
937 1583 1058 1624 codd.
1088 1582 1369 1624 Trevirensis
1400 1592 1441 1624 et
1462 1583 1688 1624 Erfurten-

226 1667 286 1706 sis
329 1672 371 1705 et
412 1662 597 1704 aliorum
641 1661 967 1713 nonnullorum,
1000 1668 1044 1702 et
1075 1675 1183 1712 ecem,
1217 1670 1359 1702 ortum
1391 1675 1449 1702 ex
1483 1667 1549 1702 set
1578 1675 1687 1712 eam,

227 1744 405 1797 recepit,
448 1742 795 1796 sententiamque
831 1741 1149 1793 apertissimam
1181 1740 1425 1795 argutando
1459 1741 1685 1795 pervertit.

227 1819 370 1860 Multa
393 1821 436 1859 in
464 1818 544 1859 hoc
567 1832 729 1873 genere
759 1819 982 1872 scripturae
1003 1817 1241 1859 Orellianae
1264 1826 1530 1858 conservatae
1554 1831 1686 1872 pono,

227 1911 320 1953 quae
348 1897 399 1937 ad
426 1897 621 1937 ordinem
645 1894 876 1936 verborum
904 1897 1122 1950 pertinent
1152 1900 1215 1945 (v.
1237 1910 1271 1938 c.
1292 1898 1329 1946 ξ.
1346 1897 1387 1945 5,
1409 1896 1550 1944 15,55
1569 1896 1685 1948 etc.),

224 1979 268 2016 in
309 1990 393 2031 quo
435 1988 566 2030 quum
612 1973 817 2013 Klotzius
858 1972 969 2013 alios
1013 1973 1184 2014 codices
1226 1984 1399 2014 secutus
1432 1982 1563 2025 esset,
1597 1987 1685 2014 uno

227 2056 356 2095 etiam
392 2061 434 2092 et
457 2051 596 2092 altero
621 2050 718 2091 loco
743 2052 856 2105 regii
889 2065 1046 2091 nomen
1081 2051 1193 2091 falso
1214 2053 1400 2106 positum
1433 2052 1496 2105 (ut
1527 2054 1566 2103 ξ.
1601 2052 1685 2105 16),

226 2130 440 2171 interdum
481 2128 749 2168 ratiunculas
794 2128 999 2182 quasdam
1046 2130 1320 2182 excogitavit
1366 2137 1408 2169 et
1449 2131 1684 2170 exornavit

227 2206 455 2256 eiusmodi,
495 2219 586 2260 quae
635 2204 800 2244 nullam
843 2219 1020 2260 prorsus
1063 2204 1225 2245 habent
1265 2206 1554 2258 persuadendi
1597 2208 1682 2247 vim

225 2294 299 2326 aut
330 2285 647 2325 necessitatem.
713 2282 769 2324 Ut
811 2286 848 2334 ξ.
890 2284 944 2323 15
986 2297 1117 2338 quum
1149 2284 1190 2322 in
1234 2283 1326 2323 cod.
1360 2285 1482 2339 regio
1514 2292 1556 2324 et
1590 2283 1681 2324 Erf.

224 2365 430 2418 scriptum
475 2362 532 2400 sit
575 2375 625 2400 eo
657 2360 822 2410 ordine,
866 2362 939 2415 qui
974 2361 1085 2416 apud
1124 2359 1379 2401 Ciceronem
1411 2361 1679 2416 frequentior

250 2480 278 2518 ι)
313 2476 448 2510 Dicam
474 2476 514 2508 in
541 2480 776 2516 transcursu,
812 2488 888 2510 non
916 2476 1052 2510 melius
1079 2487 1157 2510 rcm
1187 2480 1333 2521 gestam
1359 2486 1442 2509 csse
1467 2488 1486 2509 a
1512 2474 1678 2520 Bergero

317 2538 355 2571 in
388 2536 634 2577 Tusculanis,
671 2536 711 2569 iu
747 2537 886 2582 quibus
925 2537 1024 2570 idem
1059 2536 1126 2570 ille
1161 2535 1278 2570 codex
1305 2540 1447 2581 regnat.
1497 2535 1590 2570 Nam
1616 2545 1677 2568 cau

316 2609 465 2644 quoquc
498 2597 709 2643 Rrarupius
745 2597 924 2638 eontulit,
950 2597 1059 2631 cuius
1090 2597 1305 2631 testimonia
1335 2596 1496 2633 mirifice
1521 2606 1677 2629 consen-

317 2658 419 2691 tiunt
455 2670 539 2691 cum
579 2659 644 2692 illa
681 2658 900 2698 collatione,
937 2670 1047 2705 quam
1083 2657 1282 2692 Fabricius
1309 2657 1465 2690 Davisio
1499 2655 1676 2689 utendam

316 2717 432 2757 dedit,
472 2731 555 2765 quae
591 2731 692 2753 nunc
728 2718 768 2752 in
793 2718 1027 2753 bibliotheca
1054 2717 1318 2752 universitatis
1344 2716 1574 2750 Haunicnsis
1601 2727 1675 2751 scr-

314 2782 435 2811 vatur.
486 2779 588 2823 [vid.
622 2780 805 2825 Tregderi
827 2779 1000 2827 praelatio
1022 2779 1203 2816 editionis
1217 2776 1531 2818 Tusculanarum,
1551 2776 1673 2813 Haun.

314 2839 429 2882 1841]

1814 317 1821 418 ,⁴⁴4—
1811 200 1821 313 AA——Am
1811 58 1821 189 και...-
1812 0 1821 46 2-
