1821 3309
1480 169 1544 220 21

140 315 337 364 partem:
368 321 456 350 non
488 309 670 351 minoris
702 323 799 351 esse
829 308 1025 352 levitatis
1052 309 1211 361 facere,
1241 311 1354 367 quod
1386 312 1498 352 scias
1527 324 1614 351 non

137 384 308 437 licere,
354 402 483 444 quam
531 389 731 438 nescire,
783 389 885 444 quid
920 388 1066 429 liceat.
1144 388 1312 430 'Verum
1347 404 1426 430 nec
1457 404 1534 445 per
1565 402 1613 430 se

139 465 237 506 leve
269 466 411 519 ipsum
444 466 602 507 dicitnr
634 465 883 506 huiusmodi
915 465 1080 521 aliquid
1114 481 1225 517 esse,
1251 469 1326 509 sed
1349 468 1515 509 levium
1534 467 1613 509 ho·

137 544 331 594 minum,
389 557 469 585 nec
511 545 573 585 ita
608 543 800 601 intelligi
834 558 927 586 vox
959 546 1003 584 in
1036 544 1117 586 hac
1151 547 1476 601 comparatione
1510 560 1610 601 gra-

136 621 288 662 vitatis
332 623 561 663 criminum
604 629 777 677 potest,
829 636 909 663 nec
951 621 1148 664 levitatis
1181 633 1247 665 est
1280 625 1452 676 facere,
1496 624 1612 681 quod

134 701 247 742 scias
277 714 365 741 non
394 699 547 742 licere.
607 699 761 756 Itaque
794 702 992 757 cogimur
1024 702 1076 742 ad
1103 701 1306 744 Lambini
1334 704 1477 744 redire
1511 717 1610 744 sen·

133 780 317 821 tentiam
355 788 398 820 et
433 781 477 821 in
511 778 609 820 loco
645 779 877 835 desperato
920 780 1128 822 audacem
1167 782 1398 823 admittere
1431 782 1608 823 medici-

133 870 248 900 nam.
318 856 466 899 Habet
517 857 710 914 aliquam
751 860 1083 900 excusationem
1129 858 1382 912 Ciceronis,
1417 863 1607 903 oratorie

132 937 366 978 iudicantis
403 944 445 976 et
478 937 531 978 ad
565 946 754 992 tempuS,
786 939 1005 977 sententia
1032 939 1085 986 is,
1116 940 1204 992 qui,
1225 953 1355 992 quum
1386 941 1430 980 in
1462 942 1606 981 maxi·

133 1017 215 1057 mis
246 1014 377 1056 rebus
409 1022 451 1054 et
481 1013 754 1055 difficillimis
783 1022 999 1064 versatur,
1030 1015 1074 1054 in
1103 1029 1188 1055 una
1220 1014 1366 1071 aliqua
1392 1017 1604 1074 relegunt

130 1092 288 1135 vinclis
304 1107 352 1133 se
370 1091 581 1134 exsolvit.
656 1093 740 1134 Pro
764 1096 936 1133 omnino
960 1096 1130 1134 nescire
1154 1108 1176 1134 e
1211 1093 1283 1134 PE
1316 1092 1444 1152 [AB]
1479 1098 1605 1137 resti-

132 1171 339 1213 tuendum
356 1179 422 1212 est
444 1175 616 1212 omnmo
630 1184 716 1212 non
728 1175 855 1213 scire.
920 1173 1105 1226 Propter
1130 1173 1263 1214 verba
1289 1176 1505 1216 contrarie
1535 1189 1604 1216 re—

127 1249 218 1292 lata
242 1259 285 1292 et
308 1258 485 1307 propter
510 1250 726 1291 adiectum
752 1254 923 1291 omnino
939 1251 1001 1290 sic
1016 1250 1161 1292 dicere
1188 1252 1357 1296 maluit.
1404 1253 1489 1295 Sed
1517 1268 1602 1295 non

129 1331 274 1371 minus
313 1330 509 1386 graviter
553 1337 596 1370 et
638 1337 784 1371 tamen
819 1331 963 1370 minus
997 1339 1146 1385 aperte
1179 1333 1387 1373 mendosa
1420 1341 1486 1373 est
1521 1346 1601 1373 ex-

130 1417 269 1451 trema
300 1423 400 1464 pars
433 1410 543 1459 eius,
577 1423 671 1464 quae
707 1410 921 1464 sequitur,
949 1412 1203 1452 sententiae:
1235 1409 1412 1452 Etenim
1443 1416 1601 1460 utrum,

130 1491 208 1542 qao·
235 1491 282 1528 in
311 1487 534 1541 Hispania
563 1486 719 1527 bellum
753 1491 1011 1528 acerrimum
1046 1494 1090 1529 et
1122 1492 1357 1530 maximam
1385 1495 1600 1544 gesserat,

127 1579 209 1622 qao
249 1569 347 1608 iare
390 1565 619 1607 Gaditana
673 1569 831 1606 civicas
874 1572 1013 1617 esset,
1054 1567 1301 1619 nesciebat,
1341 1582 1426 1619 aa,
1476 1572 1600 1610 cuius

128 1646 324 1700 linguam
354 1645 511 1699 popule·
542 1658 628 1686 uon
656 1649 814 1693 nosset,
848 1647 1252 1698 interpretationem
1269 1645 1480 1697 foederis·
1512 1660 1600 1688 non

127 1723 338 1765 tenebat?
388 1721 533 1763 Multa
567 1721 638 1762 hic
671 1722 908 1762 offensioni
940 1732 1066 1770 sunt3
1107 1725 1295 1776 primum
1330 1725 1437 1766 dura
1467 1726 1601 1767 nimis

126 1811 169 1842 et
217 1801 344 1842 hians
386 1802 588 1842 iunctura
625 1801 854 1840 sententiae
899 1799 1096 1841 relativae
1151 1810 1193 1842 et
1242 1803 1597 1844 demonstrativae

128 1881 271 1934 (cuius
292 1880 466 1935 populi,
498 1903 550 1911 —
586 1882 995 1932 interpretationem
1013 1878 1271 1935 foedere‘s);
1308 1882 1466 1923 deinde
1495 1896 1596 1923 con-

123 1960 346 2000 iunctivus
379 1958 532 1999 modus
565 1956 689 1998 verbi
720 1963 887 2006 nosset;
921 1966 1010 1998 tum
1043 1959 1139 2013 ipsa
1169 1958 1334 2015 linguae
1353 1961 1594 2016 peregrinat

123 2038 311 2086 menti03
340 2037 495 2078 foedus
529 2037 646 2077 enim
674 2037 882 2091 scriptum
911 2036 1065 2088 fuisse,
1097 2046 1143 2077 ut
1174 2037 1345 2094 reliqua
1376 2038 1595 2080 Romano-

121 2129 218 2157 rum
262 2130 358 2157 cum
397 2113 680 2156 inferioribus
715 2113 913 2170 populis,
949 2114 1122 2166 Latine,
1152 2117 1189 2157 si
1221 2131 1306 2157 non
1338 2131 1414 2170 per
1448 2131 1495 2156 se
1528 2118 1595 2157 in-

121 2194 416 2250 telligeretur,
435 2202 666 2250 appareret
687 2208 709 2234 e
728 2192 911 2248 cap.16;
942 2195 1244 2250 interpretatio
1276 2204 1421 2236 autem
1440 2196 1484 2236 in
1511 2194 1593 2236 hae

122 2274 337 2329 scriptura
367 2272 658 2328 intelligenda
689 2273 771 2312 erit
802 2272 993 2313 foederis
1028 2274 1071 2313 in
1106 2287 1353 2314 sermonem
1384 2273 1591 2314 Latinum

121 2351 364 2394 translatio.
431 2351 599 2393 Verum
642 2349 771 2391 aliter
812 2359 860 2391 ut
895 2352 1158 2407 accipiatur,
1201 2351 1449 2405 postulant,
1497 2365 1591 2407 quae

120 2438 385 2484 sequuntur:
433 2429 494 2470 Id
531 2432 672 2482 igitur
709 2433 933 2484 quisquam
972 2429 1050 2470 Cn.
1083 2431 1329 2484 Pompeium
1365 2434 1592 2485 ignorasse

121 2507 269 2548 dicere
312 2506 514 2557 audebit,
570 2506 685 2560 quod
727 2530 783 2537 --
822 2506 1047 2548 librariolo·
1095 2510 1210 2546 scire
1256 2506 1589 2560 profiteantur?

120 2583 274 2642 Neque
305 2584 372 2625 illi
403 2585 566 2625 Punice
608 2582 834 2633 sciebant,
881 2598 1021 2639 neque
1069 2585 1122 2625 ad
1155 2584 1354 2641 Pompeii
1383 2587 1588 2641 ignoran-

119 2666 224 2704 tiam
272 2671 346 2704 aut
389 2664 616 2704 scientiam
658 2661 905 2717 pertinebat
951 2677 1054 2704 usus
1095 2664 1473 2718 interpretationis
1533 2664 1587 2705 ab

119 2741 207 2783 alio
241 2741 392 2793 factm,
444 2756 576 2798 quum
610 2740 809 2796 linguam
845 2750 989 2782 tamen
1024 2743 1163 2797 ipsam
1194 2756 1280 2783 non
1315 2751 1478 2784 nosset.
1537 2742 1586 2784 In

118 2820 186 2862 his
226 2818 558 2862 difficultatibus
601 2818 713 2861 nihil
754 2834 834 2861 nos
874 2822 997 2862 iuvat
1037 2821 1175 2863 codex
1210 2821 1472 2863 parisiensis
1507 2835 1586 2862 nec
