1821 3309
261 171 362 220 280

198 311 312 350 enim
363 305 622 361 legebatur:
711 304 770 346 ''os
813 311 953 346 antem
995 320 1022 346 α
1061 312 1104 347 te
1142 309 1315 361 potius,
1355 306 1397 347 id
1440 320 1659 362 nunquam

197 387 371 442 ponitur
402 385 445 425 in
473 383 724 425 huiusmodi
743 386 982 439 responsis,
1013 399 1107 439 quae
1135 384 1318 426 alterius
1347 386 1535 426 orationi
1565 399 1660 427 cum

199 463 467 506 assentiendi
498 471 572 504 aut
603 463 890 503 dissentiendi
920 462 1246 518 significatione
1278 462 1589 516 adiunguntur.

312 541 417 597 Cap.
452 543 519 591 10,
550 542 606 582 35
637 555 786 582 omnes
817 542 917 582 inde
949 557 973 582 a
1005 541 1180 583 Graevio
1213 541 1464 582 ediderunt:
1499 539 1663 582 Eorum

201 621 380 676 querela
433 624 704 661 inveteralas
759 634 844 662 non
896 621 1018 662 modo
1064 619 1414 670 familiaritates
1458 623 1668 674 extingui

201 700 366 750 solere,
406 698 484 739 sed
522 698 625 739 odia
674 702 803 739 ettam
849 700 1005 752 (ellam
1051 699 1174 749 odia)
1214 701 1348 753 gigne·
1387 701 1665 752 sempiterna,

202 777 397 818 codicum
441 777 699 818 auctoritate
731 778 994 832 perexigua,
1060 776 1172 819 Nam
1209 785 1252 817 et
1282 776 1375 818 Erf.
1407 785 1450 817 et
1483 784 1666 831 uterque

203 854 364 896 Orellii
398 855 538 896 codex
568 863 610 895 et
639 863 726 896 tres
751 854 919 895 Klotzii
950 863 992 896 et
1023 869 1175 896 omnes
1205 854 1352 896 Beieri
1382 862 1425 895 et
1453 868 1512 895 ex
1537 853 1666 895 Oxx.

201 932 356 974 saltem
402 947 485 974 sex
531 932 708 983 habent,
750 942 796 974 ut
841 933 948 975 olim
991 933 1217 985 edebatur,
1259 937 1524 983 inveterata,
1552 931 1667 987 quod

203 1025 353 1051 verum
398 1025 511 1062 esse,
551 1011 681 1052 facile
722 1014 912 1067 perspici
946 1020 1103 1068 potest.
1163 1011 1390 1068 Nusquam
1432 1012 1548 1052 enim
1580 1011 1665 1051 isto

204 1089 332 1129 modo
369 1087 522 1130 Cicero
567 1103 696 1129 voces
729 1089 953 1141 distraxit,
984 1099 1030 1131 ut
1060 1104 1145 1131 non
1175 1090 1298 1130 modo
1336 1092 1449 1130 inter
1488 1088 1667 1129 adiecti·

202 1181 305 1209 vum
353 1175 396 1208 et
426 1165 750 1207 substantivum
784 1169 1099 1222 interponeret,
1142 1168 1224 1208 nisi
1259 1167 1524 1208 adiectivum
1551 1179 1665 1207 com-

203 1259 332 1286 mune
365 1253 480 1285 esset
512 1244 683 1284 duobus
719 1244 1023 1296 substantivis,
1066 1245 1118 1286 ad
1150 1259 1243 1299 quae
1278 1243 1503 1300 particulae
1534 1245 1667 1299 perti-

201 1329 372 1362 nerent.
439 1320 574 1361 Recte
621 1329 765 1362 autem
806 1322 965 1362 dicitur
1005 1326 1253 1362 inveterata
1284 1323 1477 1375 querela,
1506 1323 1550 1362 in
1582 1335 1666 1377 quo

203 1398 403 1440 Graerius
425 1398 574 1448 haesit3
607 1413 746 1454 neque
776 1400 890 1440 enim
922 1398 1067 1440 subito
1097 1398 1354 1440 dissolvitur
1375 1398 1669 1451 familiaritas,

203 1478 278 1518 sed
328 1492 459 1532 quum
514 1476 693 1533 querela
741 1476 902 1518 insedit
949 1486 992 1518 et
1042 1479 1309 1518 inveteravit
1354 1478 1557 1533 factaque
1602 1485 1669 1518 est

205 1556 356 1597 eadem
385 1554 569 1597 subinde
601 1556 846 1597 refricando
876 1556 1090 1608 acerbior,
1117 1565 1206 1597 tum
1238 1558 1437 1612 sequitur
1464 1556 1667 1597 amicitiae

202 1635 422 1675 interitus.
1564 1619 1568 1625 „

316 1710 423 1766 Cap.
470 1713 538 1762 ll,
589 1714 645 1753 38
690 1712 967 1765 Schuetzius,
1013 1714 1126 1770 quod
1170 1715 1211 1754 ei
1256 1712 1412 1754 accidit
1452 1710 1667 1752 interdum

203 1790 429 1830 festinanti
471 1799 513 1829 et
555 1799 691 1831 totam
725 1806 816 1832 rem
860 1791 1087 1832 levissime
1118 1792 1306 1847 gerenti,
1332 1791 1407 1831 sed
1440 1799 1584 1831 tamen
1615 1788 1670 1830 ad

203 1867 448 1908 naturalem
467 1870 781 1910 sententiarum
803 1870 1094 1924 elocutionem
1122 1869 1378 1920 attendenti,
1404 1869 1529 1915 vidit,
1555 1867 1669 1923 quod

204 1953 373 1986 ceteros
417 1946 531 2001 fugit
574 1956 731 2001 praeter
778 1947 1031 1999 canteram,
1077 1963 1207 2004 quum
1250 1948 1302 1988 de
1337 1961 1405 1998 eo,
1449 1946 1563 2002 quod
1607 1959 1668 1986 ex

204 2022 350 2078 aliqua
383 2038 429 2064 re
462 2033 712 2066 secuturum
747 2035 879 2078 esset,
923 2027 1235 2082 disputaretur,
1268 2040 1402 2081 prave
1433 2024 1542 2065 dici:
1569 2036 1670 2078 per-

192 2099 328 2149 fecta
355 2102 526 2155 quidem
552 2107 772 2156 sapz‘enlz‘a
795 2107 940 2153 simus,
975 2107 1017 2143 sc*
1036 2103 1151 2144 m'hz‘l
1169 2103 1329 2144 habeat
1345 2116 1414 2143 res
1435 2105 1562 2149 vini,-
1592 2099 1671 2141 sed

205 2185 313 2225 etc.;
354 2192 452 2217 nam
496 2192 626 2232 quum
672 2181 1008 2230 concederetur,
1051 2180 1160 2220 nihil
1203 2194 1298 2221 esse
1341 2181 1463 2230 vitii,
1519 2180 1557 2219 si
1597 2191 1668 2219 res

205 2262 322 2295 certo
363 2255 490 2295 modo
540 2266 790 2310 comparata
826 2266 957 2309 esset,
999 2267 1231 2314 negaretur
1276 2266 1437 2308 autem,
1477 2271 1574 2297 esse
1607 2257 1669 2296 ita

205 2341 516 2386 comparatam,
559 2335 787 2376 dicendum
821 2338 1068 2377 necessario
1112 2350 1232 2377 esse:
1260 2335 1465 2390 perfecta
1497 2335 1668 2390 quidem

204 2412 424 2463 sapz'enlz'cc
453 2414 495 2450 sa·
521 2415 665 2461 simus,
698 2412 813 2454 nihil
836 2422 917 2454 etc.
982 2412 1129 2454 Ceteri
1153 2414 1357 2465 editores,
1387 2415 1424 2454 si
1456 2413 1583 2454 modo
1615 2412 1669 2454 ad

205 2490 465 2530 sententiam
485 2491 777 2542 attenderunt,
812 2491 1036 2547 vulgatam
1066 2493 1324 2546 scripturam
1356 2492 1400 2531 in
1433 2490 1544 2532 hanc
1575 2490 1667 2530 fere

206 2568 468 2607 sententiam
505 2568 706 2610 sidentur
737 2569 1042 2612 intellexisse:
1083 2570 1278 2625 perfecta
1311 2570 1528 2624 sapientia
1559 2580 1667 2622 opus

207 2650 286 2693 est,
319 2657 371 2683 nc
403 2646 501 2684 vitii
533 2647 634 2700 quid
665 2648 767 2688 inde
800 2649 978 2689 oriatur.
1046 2647 1212 2689 Verum
1255 2647 1296 2688 id
1338 2660 1418 2687 nec
1455 2643 1669 2700 particula

205 2720 373 2774 quidem
406 2723 568 2776 patitur
598 2737 676 2764 nec
711 2725 991 2780 hypothetica
1025 2726 1251 2767 sententiae
1282 2724 1439 2774 forma,
1474 2736 1554 2763 nec
1583 2723 1667 2763 isto

206 2798 330 2840 modo
363 2798 520 2840 Latine
552 2800 825 2856 significatur
851 2804 1046 2846 condicio
1081 2804 1143 2845 rei
1177 2801 1399 2843 cuiusdam
1432 2814 1667 2857 assequen-
