1821 3309
1477 173 1545 221 85

138 311 180 350 in
211 312 410 365 margine
446 314 690 366 nominari)
736 318 777 352 et
809 310 1026 365 exemplis
1061 310 1326 364 declaravit,
1378 315 1508 355 etiam
1541 315 1612 363 iis,

138 391 181 430 in
217 389 375 446 quibus
416 393 529 433 actio
562 393 768 447 primaria
800 391 1060 443 imperativo
1092 400 1165 431 aut
1197 390 1404 433 ablativis
1435 394 1613 448 partici-

136 469 305 525 piorum
337 469 484 510 aliove
517 471 644 510 modo
677 467 926 524 significata
961 477 1091 508 esset.
1129 478 1174 509 ut
1195 469 1390 524 putidum
1410 473 1467 511 sit
1484 471 1613 526 plura

135 546 377 594 cumulare,
413 562 508 603 quae
536 556 737 602 poterant
771 562 867 587 esse
899 545 1086 596 infinita,
1120 549 1252 588 etiam
1286 562 1309 588 e
1344 549 1538 600 comicis,
1569 559 1613 590 et

133 627 239 668 satis
270 624 382 667 bene
417 627 665 682 expedivit,
704 627 831 667 modo
865 625 996 682 paulo
1026 627 1220 681 pressius
1255 628 1507 669 universam
1543 642 1611 669 ra-

132 707 294 748 tionem
332 705 595 761 complexus
631 715 747 746 esset
772 706 817 758 ¹).
879 706 964 746 Sed
1002 714 1067 745 est
1098 707 1141 746 in
1179 705 1259 747 hac
1294 721 1339 747 re
1378 720 1499 747 error
1529 704 1611 747 ali·

132 787 244 842 quis,
279 787 351 841 qui
382 800 435 825 ne
471 786 649 841 longius
682 793 842 840 serpat,
877 785 1020 824 statim
1057 783 1353 840 expellendus
1380 793 1459 826 est.
1493 783 1609 827 Nam

131 866 405 920 grammatici
442 864 643 905 nonnulii
676 863 916 905 celeritatis
953 864 1168 919 quandam
1202 866 1443 915 notionem,
1477 877 1608 920 quam

130 944 173 984 in
206 943 354 984 futuro
388 952 548 984 exacto
582 945 726 983 inesse
760 943 940 993 volunt,
974 943 1024 981 ad
1064 942 1155 982 haec
1186 944 1333 983 onmia
1365 956 1608 984 accommo-

129 1022 233 1063 dant
276 1021 418 1075 (velut
459 1022 690 1074 Zumptius
734 1024 756 1072 ξ
797 1021 913 1073 511).
998 1019 1164 1060 verum
1199 1034 1278 1061 nec
1310 1028 1424 1070 tum,
1459 1034 1607 1076 quum,

128 1100 271 1158 qualis
301 1100 447 1141 futura
485 1102 540 1140 sit
572 1101 713 1150 actio,
745 1097 1045 1155 significatur,
1080 1097 1169 1140 ulla
1205 1098 1410 1140 celeritas
1441 1099 1607 1140 indica·

127 1188 223 1231 tur,
275 1187 323 1220 ut
364 1180 476 1235 apud
508 1179 766 1220 Ciceronem
799 1179 850 1218 de
888 1179 980 1219 Far.
1017 1179 1144 1231 §262
1194 1192 1320 1234 quum
1363 1181 1605 1230 evenerint,

113 1258 223 1310 sato
252 1263 492 1310 evenerint,
525 1259 566 1299 id
600 1267 680 1309 est,
703 1257 843 1308 facla
869 1263 1010 1308 erunt,
1047 1271 1125 1298 nec
1162 1266 1270 1309 tum,
1304 1272 1453 1313 quum,
1474 1271 1603 1313 quem

126 1338 331 1380 effectum
375 1339 419 1379 in
465 1353 512 1380 se
544 1341 790 1388 contineat,
847 1346 893 1377 ut
926 1351 1055 1393 quum
1091 1336 1246 1378 Cicero
1279 1338 1382 1378 dicit
1414 1335 1603 1389 (Acade-

125 1419 224 1459 mic.
257 1416 300 1458 II
343 1421 366 1469 ξ
402 1419 503 1471 81):
565 1432 690 1472 quam
742 1417 992 1470 (rationem)
1038 1423 1086 1457 nt
1127 1421 1320 1457 unanime
1362 1417 1601 1460 inveneris,

127 1509 211 1537 non
243 1502 315 1547 tu,
370 1510 515 1537 verum
549 1501 697 1536 tes-lem
734 1495 917 1545 habere,
970 1495 1050 1535 secl
1088 1509 1181 1535 eum
1218 1508 1304 1536 nou
1338 1498 1434 1535 sine
1469 1507 1604 1534 causa

110 1572 287 1623 falsum
330 1579 621 1616 testimoninm
665 1575 812 1614 cle'cere
852 1573 1121 1623 oslemler2·s,·
1193 1574 1309 1628 (add.
1347 1572 1400 1614 de
1432 1586 1524 1628 rep.
1557 1570 1599 1612 II

123 1652 257 1707 §5⁰)·
318 1652 432 1695 Tum
468 1653 547 1694 illa
582 1655 695 1693 inest
729 1651 1012 1709 significatio,
1045 1667 1176 1708 quum
1209 1653 1267 1703 id,
1300 1651 1414 1708 quod
1447 1664 1599 1692 conse-

123 1740 321 1773 cuturum
355 1740 436 1783 est,
470 1741 674 1787 tanquam
708 1731 837 1772 simui
872 1733 1075 1772 ess'ectum
1110 1733 1368 1786 concipitur,
1395 1729 1602 1785 quemad-

121 1810 295 1852 modum
334 1804 620 1866 supradixi,
669 1825 761 1866 quae
795 1808 935 1865 figura
969 1824 1020 1849 eo
1054 1809 1271 1850 interdum
1303 1808 1599 1865 progreditur,

120 1897 182 1940 ut,
213 1889 405 1930 futurum
440 1890 644 1930 effectum
682 1890 723 1928 in
759 1898 1016 1943 pra-sentem
1050 1896 1375 1938 convertentes,
1405 1887 1601 1943 perfecto

117 1976 305 2010 utamur.
364 1968 586 2019 (Vicimus
621 1966 710 2009 Cic.
746 1966 873 2007 Verr.
906 1966 970 2006 111
1003 1965 1138 2019 §145
1171 1966 1250 2007 (ic.
1284 1965 1386 2007 Vid.
1421 1963 1599 2017 Matth.)

119 2045 266 2097 Quum
299 2054 445 2087 autem
490 2046 606 2087 idem
643 2047 697 2086 sit
730 2046 772 2086 in
807 2046 967 2086 effectu
999 2043 1291 2100 significando
1323 2057 1428 2084 usus
1459 2042 1597 2084 futuri

117 2127 235 2166 tertii
267 2124 545 2176 Graecorum,
597 2133 741 2180 patet,
794 2125 837 2165 in
887 2139 937 2165 eo
985 2125 1175 2179 positum
1221 2137 1320 2164 esse
1363 2122 1596 2163 discrimen

117 2202 281 2245 Graeeae
315 2213 358 2245 et
388 2203 558 2245 Latinae
595 2204 762 2253 formae,
800 2203 929 2258 quod,
958 2216 1089 2258 quum
1118 2201 1269 2242 Latini
1294 2203 1425 2243 etiam
1460 2203 1595 2243 actio—

116 2296 215 2325 nem
247 2284 291 2324 in
322 2283 469 2324 futuro
505 2283 772 2337 perfectam,
828 2283 865 2323 si
900 2297 997 2323 cum
1029 2280 1171 2322 altera
1203 2281 1435 2322 coniuncta
1472 2295 1593 2322 com-

143 2406 175 2450 ¹)
209 2404 263 2439 lis
294 2405 492 2451 exemplis,
529 2418 612 2453 quae
648 2406 871 2441 Matthiaeus
908 2408 1042 2454 posuit
1081 2406 1281 2441 coniuncti
1321 2403 1443 2439 futuri
1471 2405 1593 2439 exacti

210 2465 278 2511 (de
313 2478 355 2500 re
390 2465 504 2500 simul
531 2478 617 2499 cum
643 2466 762 2500 altera
801 2467 915 2500 finem
941 2467 1141 2510 habitura)
1173 2470 1210 2500 et
1237 2465 1425 2511 simplicis
1464 2463 1528 2509 (dc
1554 2474 1595 2498 re

208 2532 297 2575 post
336 2531 591 2563 consecutura
630 2531 695 2560 aut
729 2526 948 2570 duratura),
977 2526 1064 2561 addi
1102 2526 1184 2560 lxaec
1215 2529 1401 2573 possunt:
1436 2524 1517 2563 Cic.
1545 2525 1594 2559 ad

208 2588 315 2626 Fam.
342 2589 451 2629 XIII,
477 2592 523 2622 65
549 2588 726 2632 (citatum
752 2589 798 2622 ab
826 2587 1116 2632 Ramshornffl),
1143 2587 1225 2625 Liv.
1251 2585 1397 2629 XXVI,
1422 2589 1483 2628 43,
1511 2586 1593 2622 Cic.

210 2661 280 2697 pro
317 2649 412 2686 nab.
452 2650 556 2684 Post.
602 2653 657 2694 16,
694 2651 760 2683 44:
804 2650 1077 2684 Amicissimum
1114 2650 1293 2684 hominem
1329 2650 1365 2683 si
1396 2651 1595 2684 honestate

211 2712 412 2756 spoliatum
438 2712 619 2751 audierit,
647 2724 714 2746 nec
739 2713 821 2747 sine
845 2725 980 2759 rnafflw
1008 2713 1139 2747 dolore
1163 2711 1277 2757 seret,
1303 2723 1370 2746 nec
1397 2711 1438 2744 id
1463 2709 1593 2745 amise-

210 2771 274 2812 rit,
299 2773 402 2820 quod
423 2785 534 2819 posse
559 2777 685 2820 speret
710 2775 943 2820 recuperari.
993 2773 1069 2819 (De
1107 2772 1300 2820 scriptura
1338 2771 1415 2809 vid,
1442 2770 1593 2821 Opust·-

210 2836 343 2869 nostra
366 2834 497 2881 priora
521 2848 556 2883 p.
586 2836 656 2870 ³84
681 2836 787 2879 not.)
