1821 3309
1388 219 1487 267 243

98 358 248 413 populi
281 358 465 399 Romani
499 358 846 412 cognoscendam
880 372 963 398 non
1000 357 1169 398 inutilis
1205 359 1401 400 videatur
1433 368 1475 400 et
1507 363 1564 400 si-

97 436 189 477 mul
218 436 493 477 memorabili
526 435 736 490 exemplo
770 436 1054 490 patefactura,
1088 450 1194 490 quas
1226 437 1376 478 turbas
1413 451 1455 479 et
1485 439 1562 479 du-

100 514 334 556 bitationes
365 515 581 555 interdum
613 515 785 568 pariant
817 515 859 553 in
893 513 1076 554 historia
1107 523 1149 554 et
1176 517 1434 569 antiquitate
1467 532 1562 571 per-

96 593 329 634 scrutanda
360 601 509 633 vetera
542 593 718 633 nomina
750 607 895 632 rerum
926 606 985 632 ex
1014 581 1094 633 usu
1127 592 1398 634 sublatarum
1428 593 1561 650 longo

97 671 334 712 intervallo
367 672 419 712 ad
463 686 576 712 nova
608 672 808 711 instituta
850 670 1137 711 similitudine
1172 671 1320 727 aliqua
1350 674 1563 714 traducta.

100 750 187 793 Sed
222 759 269 791 ut
313 765 403 791 rem
446 750 597 790 ordine
636 763 966 805 persequamur,
1007 751 1192 804 primum
1225 758 1424 791 notarum
1459 765 1562 805 qua-

100 828 282 869 rundam
311 843 456 869 rerum
489 829 699 869 memoria
724 828 962 883 repetenda
990 836 1068 868 est.

212 906 264 947 L.
300 906 441 957 Sulla,
472 908 588 947 victa
620 906 820 962 populari
851 907 1056 956 factione,
1099 907 1152 947 ad
1187 908 1443 961 optimatum
1489 921 1563 947 au-

102 986 345 1026 ctoritatem
377 984 684 1026 stabiliendam
720 987 850 1026 etiam
886 986 1063 1035 iudicia,
1096 999 1189 1039 quae
1221 994 1319 1040 post
1351 984 1398 1024 C.
1430 984 1565 1025 Grac-

103 1062 232 1104 chum
262 1064 355 1104 fere
388 1077 521 1117 penes
553 1064 722 1117 equites
756 1064 944 1113 fuerant,
977 1061 1254 1103 senatoribus
1289 1062 1491 1112 reddidit,
1521 1072 1567 1100 ut

102 1155 160 1182 ex
203 1140 282 1181 illo
324 1141 476 1182 ordine
518 1140 781 1196 seligeretur
823 1150 866 1182 et
902 1140 1165 1181 scriberetur
1204 1141 1345 1181 omnis
1376 1141 1567 1180 iudicum

102 1232 324 1270 numerus,
357 1233 417 1259 ex
451 1233 535 1275 quo
568 1227 610 1259 et
638 1220 691 1260 ad
719 1219 917 1275 singulas
941 1218 1140 1275 publicas
1165 1233 1318 1260 causas
1353 1226 1432 1268 tot,
1465 1227 1568 1273 quot

103 1296 180 1338 lex
205 1296 395 1348 iuberet,
430 1305 546 1338 sorte
578 1298 840 1339 ducerentur
875 1306 917 1338 et
948 1299 991 1338 in
1032 1296 1184 1338 litibus
1216 1297 1445 1351 causisque
1482 1298 1566 1351 pri-

105 1376 218 1417 vatis
247 1376 412 1417 iudices
441 1376 646 1416 darentur
669 1376 718 1429 ¹).
778 1376 841 1416 Ea
871 1375 971 1430 lege
1005 1384 1047 1416 et
1077 1377 1207 1416 nimis
1236 1384 1405 1415 auctam
1442 1389 1568 1415 sena-

105 1462 173 1494 tus
215 1455 455 1508 potentiam
496 1454 731 1509 populares
777 1454 974 1494 homines
1008 1468 1124 1509 aegre
1161 1452 1376 1504 ferebant,
1411 1461 1453 1493 et
1485 1455 1569 1507 ipsi

106 1540 332 1572 senatores
376 1531 628 1573 turbulento
671 1542 714 1573 et
749 1532 863 1573 malo
908 1540 1102 1587 tempore
1136 1532 1297 1572 iudicia
1335 1531 1570 1571 libidinoso

107 1618 150 1650 et
180 1611 328 1666 inique
372 1619 414 1651 et
447 1626 600 1666 parum
631 1625 786 1652 severe
822 1611 1152 1652 administrasse
1185 1611 1426 1651 traduntur.
1489 1609 1571 1650 lta-

107 1703 191 1744 que
231 1704 317 1745 quo
359 1704 473 1731 anno
513 1690 738 1746 popularis
768 1691 905 1745 partis
938 1704 1059 1744 opes,
1095 1703 1189 1744 quae
1222 1690 1382 1728 sensim
1416 1702 1574 1728 conva-

107 1766 296 1818 luerant,
326 1770 528 1809 restituta
562 1775 778 1824 potestate
810 1766 1083 1808 tribunorum
1118 1766 1276 1822 plebis,
1310 1765 1575 1807 confirmata:

109 1855 224 1897 sunt,
256 1844 416 1887 Crasso
449 1855 491 1887 et
522 1846 731 1901 Pompeio
768 1860 877 1888 coss.
909 1849 968 1897 (a.
1000 1845 1127 1885 70.a.
1160 1843 1208 1884 C.
1244 1845 1320 1898 n·),
1351 1844 1403 1885 L.
1434 1844 1576 1885 Aure-

110 1923 195 1965 lius
227 1923 356 1965 Cotta
403 1933 561 1980 praetor
594 1924 738 1979 legem
784 1924 900 1975 tulit,
936 1932 982 1964 ut
1015 1923 1176 1963 iudicia
1207 1924 1320 1963 inter
1351 1931 1576 1963 senatores

112 2004 368 2058 equitesque
392 2003 613 2043 Romanos
647 2011 689 2043 et
717 2003 916 2044 tribunos
940 2002 1116 2042 aerarios
1139 2002 1577 2049 coumiunicarentur,

115 2081 154 2121 id
193 2089 274 2132 est,
318 2088 364 2120 ut
404 2095 461 2121 ex
507 2080 574 2121 his
620 2080 759 2121 tribus
804 2079 1030 2120 ordinibus
1077 2079 1243 2119 iudices
1284 2077 1578 2132 seligerentur

114 2160 230 2215 iique
277 2172 431 2199 causas
479 2160 767 2199 communiter
817 2171 941 2212 aequa
992 2171 1050 2198 ex
1105 2164 1225 2212 parte
1270 2155 1580 2207 iudiearent2).

143 2323 170 2364 ⁶)
207 2321 378 2355 privatas
416 2321 529 2355 etiam
565 2332 698 2355 causas
722 2322 853 2356 liherae
880 2322 973 2367 reip.
1004 2326 1174 2366 tempore
1200 2318 1353 2353 cosdem
1378 2317 1583 2352 iudicasse.

207 2381 273 2428 qui
302 2381 476 2427 publicas
502 2382 742 2424 iudicarent,
777 2394 879 2415 nunc
906 2394 1036 2416 omnes
1063 2382 1146 2415 fore
1173 2379 1445 2418 consentiunt,
1473 2389 1583 2423 quam

210 2453 290 2475 rem
326 2447 466 2488 praeter
493 2447 638 2476 certum
668 2443 819 2490 Poly-bii
846 2442 1110 2476 testimonium
1134 2439 1296 2474 maxime
1321 2439 1420 2472 illud
1446 2438 1583 2472 confir-

209 2506 309 2543 mat,
336 2503 438 2548 quod
464 2503 615 2536 nullum
642 2508 700 2537 cst
725 2504 880 2538 omnino
903 2503 1040 2537 horum
1066 2501 1298 2535 iudiciorum
1324 2504 1585 2545 separatorum

212 2562 399 2596 indicium
424 2564 525 2610 apud
550 2569 698 2598 veteres
725 2565 956 2611 scriptores,
1000 2565 1065 2611 qui
1093 2574 1223 2598 omnes
1251 2560 1431 2594 universe
1456 2560 1502 2595 ‹le
1532 2561 1585 2592 iu-

213 2623 327 2658 diciis
354 2624 577 2671 loquuntur.

143 2686 176 2728 2)
209 2685 447 2720 Testimonia
482 2692 654 2722 veterum
687 2688 734 2722 de
767 2689 850 2734 lege
876 2686 1034 2721 Aurelia
1060 2685 1302 2730 collegerunt
1328 2688 1468 2731 praeter
1494 2682 1587 2715 alios

212 2746 389 2782 Duker-us
429 2749 477 2783 ad
513 2749 595 2788 Liv.
638 2749 728 2795 epit.
766 2753 810 2783 97
853 2753 890 2783 et
916 2748 1092 2782 Baiterus
1118 2747 1161 2781 in
1186 2747 1314 2780 indice
1338 2745 1466 2791 legum
1491 2743 1591 2789 apud

217 2807 444 2844 Ciceronem
468 2817 847 2846 commemoratarum
874 2811 934 2854 (in
960 2810 1099 2844 Orellii
1127 2808 1364 2844 onomastieo
1381 2805 1592 2844 Tulliano).

218 2867 454 2905 scholiastes
481 2872 751 2907 Gronovianus
787 2873 833 2906 ad
858 2874 945 2907 Act.
973 2872 988 2905 Ι
1020 2871 1059 2905 ἰιι
1086 2870 1194 2905 Vei-r.
1223 2881 1256 2906 c.
1284 2867 1301 2901 l
1328 2870 1381 2914 (p.
1410 2870 1478 2901 386
1505 2864 1592 2905 Or.)

1266 2944 1276 2973 1
1286 2941 1327 2974 6⁴²·
