1821 3309
275 179 378 231 324

143 343 146 346 ¹
201 322 392 365 refertur
455 317 510 360 ad
559 316 819 359 contrariam
883 314 1192 370 cogitationem
1249 328 1336 356 non
1398 315 1668 372 suscipiendi

204 417 255 444 ac
295 397 558 442 declinandi.
619 395 773 451 Itaque
816 393 1024 434 inferiore
1062 393 1161 435 loco
1203 402 1320 436 recte
1366 396 1564 451 ponitur,
1597 408 1672 436 su-

203 482 377 538 periore
422 493 509 520 non
541 476 683 519 solum
715 472 827 515 nihil
857 474 966 528 agit,
999 473 1074 514 sed
1104 475 1290 529 primum
1322 473 1413 515 haec
1444 474 1530 515 duo
1571 488 1672 530 gra-

204 562 318 603 viter
359 561 474 600 inter
514 571 562 597 se
607 553 772 598 relata:
802 556 991 608 patrem·
1018 553 1186 605 desunt,
1229 557 1306 609 qui
1346 552 1483 595 libere
1515 551 1671 603 defen-

206 641 299 692 dat,
339 653 425 680 non
472 637 595 678 deest
636 633 839 675 obscurat
881 632 1028 674 inutili
1076 642 1118 674 et
1158 635 1320 689 ignavo
1354 633 1670 684 additamento,

207 719 364 762 deinde
408 719 548 773 ipsam
597 712 935 756 affirmationem
979 712 1166 754 ridicula
1210 713 1458 754 adiectione
1505 719 1673 764 onerat,

209 800 335 856 quasi
376 798 519 838 dicas:
560 797 762 850 quoniam
805 792 944 840 adest,
986 806 1070 832 mm
1102 793 1238 841 deest,
1281 801 1502 848 postremo
1536 792 1674 848 signi-

211 878 460 920 ficationem
494 874 806 916 alienissimam
843 870 975 912 habet
1012 873 1054 912 in
1092 870 1305 927 particula
1346 871 1534 927 quidem,
1577 883 1672 926 quae

210 972 424 1014 nusquam
465 955 621 997 referri
673 959 829 1009 potest.
852 951 884 1004 1)
963 950 1049 993 Sed
1094 950 1250 992 horum
1294 950 1405 992 nihil
1445 949 1674 1006 Klotzium

211 1040 375 1087 movit,
439 1036 514 1091 qui
565 1033 658 1073 haec
709 1032 761 1072 de
811 1029 893 1071 hoc
940 1029 1038 1071 loco
1089 1031 1263 1085 scripsit
1314 1030 1457 1087 (praef.
1507 1028 1597 1071 vol.
1652 1027 1674 1070 I

210 1133 255 1174 p.
295 1115 492 1167 LXIV):
534 1112 660 1155 '’Wir
702 1118 895 1151 mussten
938 1109 1155 1150 natiirlich
1203 1111 1247 1164 (!)
1290 1110 1360 1150 die
1399 1109 1558 1151 Lesart
1597 1108 1675 1150 der

211 1193 554 1240 Handschriften
601 1190 715 1231 ohne
756 1189 1120 1246 Verdiichtigung
1166 1188 1462 1230 beibehalten.
1526 1187 1673 1239 Denn‚

216 1277 321 1319 weit
362 1270 554 1329 gefehlt,
597 1270 674 1310 das
715 1268 784 1308 die
831 1268 1066 1324 folgenden
1110 1268 1294 1310 XVorte:
1338 1271 1539 1322 quoniam
1581 1271 1676 1323 qni-

216 1356 311 1397 dem
352 1351 485 1393 semel
523 1351 708 1402 suscepi,
749 1347 819 1388 die
861 1356 1005 1388 ersten
1042 1346 1368 1402 verdachtigem
1402 1347 1579 1387 konnen
1610 1348 1675 1388 sie

211 1437 261 1490 ja
314 1433 358 1486 (Ξ)
412 1430 487 1471 der
540 1428 747 1469 friiheren
791 1426 974 1470 Ws01*te:
1025 1430 1226 1481 queniam
1279 1426 1449 1481 quidem
1492 1429 1677 1481 suscepi,

217 1513 285 1555 als
314 1511 433 1552 ihres
465 1506 761 1564 eigentlichen
794 1507 1104 1561 Stiitzpunctes
1139 1520 1217 1562 gar
1248 1505 1368 1546 nicht
1397 1504 1680 1546 entbehren.”

219 1591 357 1647 (Bene
390 1589 459 1630 hic
486 1587 726 1637 intellexit,
756 1601 840 1641 quo
869 1585 1107 1626 referretur
1138 1584 1242 1626 hoc:
1273 1589 1474 1640 qnoniam
1507 1584 1679 1640 quidem

219 1671 354 1713 semel
382 1669 590 1723 suscepi.)
656 1666 784 1708 ''W'ir
817 1665 996 1708 wiirden
1029 1679 1217 1706 unseren
1246 1664 1412 1705 Lesern
1445 1679 1500 1704 zu
1533 1665 1681 1721 wenig

221 1748 473 1797 zumuthen,
504 1746 685 1790 wollten
717 1746 797 1787 wir
828 1745 898 1785 die
929 1744 1070 1787 Sache
1096 1743 1207 1785 noch
1234 1727 1554 1784 ausfiihrlicher
1579 1757 1680 1784 aus-

222 1829 430 1872 einander
448 1825 636 1867 setzen.'’
702 1823 803 1880 Ipsa
824 1823 956 1865 verba
973 1826 1117 1879 posui,
1139 1832 1200 1874 ut,
1220 1824 1292 1879 qui
1309 1822 1538 1879 legissent,
1555 1824 1681 1879 igno-

223 1917 395 1952 scerent
412 1906 516 1948 mihi
535 1914 672 1946 totum
690 1903 772 1944 hoc
787 1918 926 1959 genus
940 1902 1238 1944 acerbioribus
1256 1902 1403 1944 verbis
1418 1902 1680 1958 exagitanti.

223 1988 390 2031 Eodem
411 1987 525 2028 enim
551 1985 678 2027 modo
697 1985 843 2024 onmia
860 1991 1117 2034 tractantur,
1148 1992 1210 2034 ut,
1229 1997 1361 2039 quum
1379 1983 1422 2023 in
1443 1981 1553 2023 locis
1571 1979 1683 2023 diffi-

226 2067 384 2109 cilibus
403 2074 476 2106 aut
497 2073 601 2105 nota
618 2073 659 2104 et
681 2062 899 2118 vulgaria,
930 2077 1024 2118 quae
1041 2077 1131 2103 rem
1152 2077 1239 2103 non
1257 2063 1490 2117 attingant,
1509 2061 1684 2102 tradan-

225 2156 295 2187 tur
325 2153 398 2186 aut
430 2157 653 2199 perversa,
688 2140 799 2181 nihil
828 2142 899 2191 sit,
931 2140 1044 2196 quod
1072 2154 1157 2180 non
1189 2139 1396 2194 expediat
1426 2147 1682 2194 ceterosque

228 2224 421 2281 gloriose
465 2222 632 2262 doceat.
694 2218 841 2274 Atque
880 2219 971 2260 haec
1002 2217 1266 2260 confidentia
1300 2232 1395 2259 cum
1425 2217 1520 2271 illa,
1553 2233 1683 2275 quam

229 2302 584 2351 commemoravi,
626 2298 856 2355 religionis
898 2299 1043 2353 specie
1086 2299 1341 2349 coniuncta,
1385 2299 1554 2339 animos
1595 2313 1683 2341 non

227 2395 466 2440 paucorum
497 2381 634 2422 movit
665 2387 794 2434 atque
827 2378 956 2433 cepit.
975 2377 1011 2431 2)
1071 2374 1171 2418 Non
1200 2376 1386 2418 multum
1420 2375 1473 2418 ab
1505 2376 1586 2419 hac
1615 2392 1685 2419 ra·

259 2567 288 2608 ι)
327 2563 460 2609 Itaque
474 2557 645 2594 Orellius
668 2555 800 2590 saltem
821 2554 940 2588 scribi
959 2553 1137 2588 debuisse
1153 2553 1225 2587 ait:
1252 2554 1426 2601 quoniam
1449 2553 1597 2600 quidem
1616 2563 1683 2598 eqo

322 2625 483 2668 suscepi.
530 2620 674 2654 Verum
698 2618 739 2652 id
765 2628 916 2664 quoque
941 2616 1053 2650 aliam
1089 2615 1410 2661 significationem
1443 2626 1521 2648 non
1555 2612 1682 2647 minus

321 2696 537 2731 perversam
559 2681 731 2721 haberet,
749 2679 857 2725 quasi
876 2678 1107 2725 praecederet
1124 2675 1344 2711 huiusmodi
1360 2674 1522 2722 aliquid:
1540 2675 1686 2709 deesset

322 2746 502 2791 fortasse,
531 2745 566 2778 si
588 2745 660 2777 alii
682 2744 954 2787 suscepissent3
981 2741 1155 2788 quoniam
1184 2751 1250 2785 eqo
1278 2737 1436 2781 suscepi,
1463 2748 1538 2770 non
1566 2737 1681 2771 deest.

255 2810 288 2854 2)
323 2807 398 2842 Pro
424 2807 536 2841 Rosc.
561 2805 645 2840 Am.
671 2806 691 2845 §
719 2806 785 2839 150
811 2801 987 2836 Klotzius
1013 2800 1174 2835 retinuit
1197 2799 1295 2834 hanc
1321 2797 1572 2844 scripturam:
1610 2798 1688 2832 nisi

325 2872 436 2907 etiam
461 2869 690 2904 crudei'itcil‘e
713 2866 912 2910 sanquinis
936 2865 1097 2909 perlitus
1123 2864 1198 2902 sit,
1225 2871 1308 2907 quae
1335 2870 1445 2906 quam
1472 2862 1573 2894 esset
1599 2870 1682 2906 per-
