1821 3309
1463 195 1562 244 263

167 327 332 382 glexit)
375 337 417 369 et
461 337 564 370 vett.
608 331 728 372 edd.:
770 335 859 372 πίει·
887 335 1085 372 t'usctm're
1127 336 1281 387 coepit,
1319 348 1396 388 pro
1424 340 1629 390 coeperet.

169 405 287 448 Idem
318 416 399 459 est,
429 408 699 464 frequentior
731 411 876 460 etiam,
910 425 1031 451 error
1056 411 1358 468 editorumque
1381 415 1630 456 inconstan-

170 487 229 527 tia
262 487 305 526 in
331 486 523 541 perfecto
549 488 788 528 indicativo
809 487 1006 529 subiecto
1036 490 1261 544 particulae
1289 504 1430 544 quum,
1461 493 1514 533 de
1546 508 1629 549 qua

168 578 214 605 re
243 564 382 605 dicam
418 565 469 605 ad
503 564 729 607 Ciceronis
764 565 864 606 libr.
898 567 939 608 V
971 567 1023 607 de
1055 568 1153 610 Fin.
1185 572 1222 620 ξ.
1254 571 1323 620 42,
1355 569 1427 611 ubi
1459 586 1482 611 e
1514 573 1630 613 codi-

167 641 290 684 cibus
330 644 628 699 reponendnm
673 646 776 687 erit:
822 630 1135 700 qzczcmicmcem
1170 647 1371 700 paullum
1393 648 1630 697 firmitatis

166 726 368 774 accessit,
411 738 488 778 pro
531 738 599 776 eo,
643 724 755 780 quod
788 725 951 765 editum
985 723 1038 765 ab
1072 724 1273 766 omnibus
1302 735 1392 768 est:
1438 742 1629 769 accesse—

167 806 240 843 rit.
266 803 298 856 ¹)
363 802 536 844 Deinde
575 804 619 843 in
663 817 715 844 eo
759 803 901 844 Laelii
936 802 1050 854 loco,
1094 819 1118 844 a
1149 818 1234 859 quo
1263 804 1489 859 digressus
1519 820 1629 855 sum,

166 879 418 937 legebatur:
455 880 582 930 Quod
611 884 898 938 Tarquinium
930 882 1291 935 ‹lc'.2·e'sseferem-l,
1325 890 1412 925 tam
1443 886 1630 926 exulan-

166 966 249 1001 tem
296 949 679 1014 se¹z'lele‘llc³.z'z'.5·s·e⁷
725 977 828 1017 quos
866 961 984 1011 fidos
1023 966 1185 1004 amicos
1223 961 1457 1013 habuisset,
1503 977 1630 1018 quum

165 1043 253 1081 iam
293 1044 462 1081 neutris
502 1045 696 1094 gratiam
741 1041 912 1091 referre
944 1047 1108 1095 posset.
1181 1040 1369 1081 Miratur
1409 1041 1630 1092 klotzius,

167 1119 281 1173 qnod
326 1117 524 1159 Orellius
556 1120 832 1174 participium
876 1121 1121 1161 exulanlem
1162 1121 1380 1160 notaverit
1424 1129 1629 1176 tanquam

167 1198 382 1252 spurium,
416 1212 548 1253 quum
572 1197 856 1239 Gernhardus
882 1197 1046 1253 aliique
1080 1197 1121 1238 id
1155 1197 1471 1252 explicationis
1500 1214 1630 1241 causa

162 1275 387 1331 particulae
429 1282 515 1318 tum
553 1277 744 1318 additum
782 1292 877 1318 esse
915 1277 1198 1318 ostenderint.
1266 1277 1430 1330 Sensit,
1461 1280 1631 1333 opinor,

163 1353 379 1406 Orellius‚
420 1369 505 1395 non
538 1355 680 1396 solum
715 1356 946 1397 admodum
991 1354 1258 1411 superfluam
1289 1371 1386 1396 eam
1419 1371 1515 1397 esse
1550 1371 1630 1397 ex-

162 1433 447 1490 plicationem
483 1442 526 1474 et
548 1433 792 1489 illepidam,
823 1435 899 1475 sed
925 1433 1046 1475 nullo
1075 1435 1201 1476 modo
1229 1435 1471 1477 ferendam.
1519 1434 1627 1475 Tol-

162 1511 268 1554 litur
315 1514 428 1554 enim
480 1513 585 1553 dicti
635 1514 717 1564 vis,
765 1515 966 1569 quicquid
1009 1514 1062 1554 ad
1093 1519 1179 1554 lum
1215 1514 1386 1554 additur
1420 1514 1628 1568 temporis

163 1600 291 1642 notae,
324 1592 438 1647 quod
469 1591 644 1632 definiri
671 1591 800 1633 debet
826 1595 1045 1634 sententia
1077 1592 1292 1642 relativa3
1326 1607 1378 1633 ne
1410 1606 1628 1648 gramma-

160 1671 247 1711 tica
290 1671 464 1726 quidem
506 1672 618 1712 ratio
659 1673 822 1725 patitur
864 1673 906 1712 in
949 1672 1130 1727 vulgata
1168 1673 1383 1727 scriptura
1425 1677 1538 1722 mm,
1580 1678 1628 1710 ut

162 1747 311 1798 debet,
353 1764 447 1790 cum
481 1751 760 1792 intellexisse
790 1753 1014 1807 coniungi,
1047 1752 1122 1792 sed
1155 1766 1251 1792 cum
1283 1751 1552 1797 aulantem,
1583 1757 1630 1788 ut

160 1825 396 1868 definiatur
436 1842 523 1870 non
562 1829 870 1885 intelligentiae
906 1839 1094 1886 acceptae
1135 1839 1323 1886 tempuS,
1366 1829 1441 1869 sed
1479 1826 1627 1872 exilii,

158 1906 272 1962 quod
299 1906 530 1948 ridiculum
561 1917 641 1948 est.
703 1908 849 1957 Quum
881 1911 1016 1963 igitur
1048 1924 1131 1950 non
1164 1911 1271 1950 satis
1304 1906 1533 1963 probabile
1563 1907 1628 1947 vi-

157 1985 346 2036 deretur,
393 2000 488 2026 eam
523 2001 675 2027 vocem
709 1987 957 2028 additiciam
992 2002 1104 2039 esse,
1138 1988 1252 2043 quod
1286 1989 1381 2027 eius
1416 1984 1624 2025 addendae

159 2078 291 2106 causa
319 2065 401 2105 vix
432 2064 604 2115 fuisset,
647 2068 986 2121 transpositione
1022 2066 1166 2108 locum
1200 2064 1516 2106 emendandum
1548 2077 1627 2117 pu-

157 2145 264 2194 tavi,
305 2150 354 2183 ut
396 2151 541 2183 esset:
575 2142 743 2194 jerunt
773 2146 1056 2196 exulantem,
1095 2150 1185 2186 tecm
1217 2153 1324 2193 etc.;
1369 2157 1449 2184 nec
1480 2150 1625 2182 tamen

159 2221 288 2263 valde
331 2221 603 2277 refragabor‚
645 2224 682 2264 si
714 2225 810 2279 quis
842 2225 1118 2276 iudicaverit,
1161 2226 1249 2265 vim
1283 2223 1413 2264 huius
1443 2224 1626 2262 circum-

163 2299 424 2342 locutionis:
467 2306 571 2353 lum,
616 2316 742 2356 quum
775 2325 826 2333 ·-
852 2309 1001 2357 posset
1042 2303 1125 2344 hoc
1171 2318 1256 2344 uno
1307 2300 1520 2344 vocabulo
1571 2300 1623 2341 ab

159 2377 398 2434 interprete
426 2378 574 2434 aliquo
612 2380 972 2434 comprehensam
1007 2396 1119 2422 esse.

186 2600 213 2642 ¹)
255 2597 363 2642 [Dixi
401 2596 448 2631 de
483 2596 554 2631 hac
590 2608 632 2631 re
669 2596 716 2631 ad
748 2596 836 2632 libr.
864 2597 900 2632 V
933 2597 979 2633 (le
1005 2599 1090 2637 Fin.
1116 2602 1138 2643 ἓ
1167 2602 1207 2634 41
1235 2611 1274 2646 p,
1300 2603 1369 2633 690
1397 2603 1433 2632 et
1461 2598 1501 2632 in
1527 2598 1623 2632 Add.

248 2671 283 2706 p.
310 2662 390 2694 880.
442 2658 550 2702 Quos
576 2659 617 2693 in
641 2658 710 2692 illa
734 2663 825 2693 nota
853 2664 1020 2694 extrema
1043 2662 1334 2696 conuncmoravi
1361 2661 1482 2701 locos,
1510 2660 1548 2692 in
1576 2659 1623 2691 iis

251 2720 524 2755 coniunctivus
571 2720 736 2768 perfecti
776 2720 937 2767 ponitur
971 2729 1133 2772 propter
1175 2723 1380 2759 secundam
1420 2732 1622 2768 personam

248 2779 533 2827 hypotheticam
559 2782 600 2817 in
626 2781 801 2818 subiecto
829 2783 1038 2829 fingenda]
