1821 3309
219 182 320 232 294

156 339 248 379 cap.
281 322 365 370 lX,
406 320 468 367 X,
502 315 590 366 XI,
627 313 736 365 XII,
772 323 862 354 tum
895 313 1038 354 minus
1071 317 1273 351 accurate
1308 308 1422 360 apud
1451 305 1625 348 Plutar-

155 403 282 445 chum
317 402 360 440 in
393 399 484 439 vita
505 395 744 437 Flaminini
773 408 809 434 c.
841 394 883 442 4,
912 389 1206 447 significatam
1234 397 1380 429 autem
1407 387 1484 435 ita,
1513 394 1560 425 ut
1586 392 1631 426 et

157 481 320 523 claram
348 478 652 530 illustremque
680 474 817 514 fuisse
849 479 1058 527 appareat
1090 479 1131 510 et
1152 469 1271 509 Livii
1304 467 1495 509 narratio
1525 479 1630 505 con-

159 560 374 609 firmetur,
414 559 459 597 in
492 554 752 611 fragmentis
795 551 983 606 polybii,
1027 550 1213 591 Diodori
1246 546 1401 597 Siculi,
1442 546 1638 589 fortasse>

158 642 290 681 etiam
335 637 543 693 Appiani.
601 632 713 675 Nam
757 646 888 687 quum
921 630 1196 672 Flamininus
1229 628 1474 667 exercitum
1510 638 1634 664 acce-

162 720 301 774 pisset
333 732 357 757 a
390 716 436 758 P.
465 714 624 764 Villio,
655 712 895 767 superioris
930 711 1033 751 anni
1065 706 1244 749 consule
1277 715 1319 746 et
1350 707 1395 745 in
1429 703 1638 744 Macedo-

166 799 282 838 nium
323 803 552 851 penetrare
587 792 739 842 vellet,
789 799 931 831 castra
962 789 1154 829 hostium
1199 786 1250 826 ad
1294 784 1456 824 flumen
1489 783 1638 824 Aoum

165 886 252 918 tam
297 872 550 915 diffieilibus
590 872 710 912 aditu
752 869 861 911 locis
895 878 937 909 et
978 877 1065 908 tam
1105 875 1259 906 natura
1292 865 1470 905 munitis
1501 877 1637 919 oppo-

166 958 251 997 sita
295 962 434 1004 erant,
476 960 524 992 ut
564 951 715 992 hostes
757 948 940 1005 aggredi
987 956 1029 987 et
1074 947 1160 987 vim
1200 960 1277 1000 per
1320 954 1461 985 castra
1492 943 1638 984 facere

167 1038 308 1089 magis
343 1033 562 1087 placeret,
607 1043 749 1084 quam,
794 1027 1002 1083 quomodo
1032 1024 1173 1076 fieret,
1214 1028 1324 1065 scele's
1354 1023 1643 1078 expediretur

170 1113 289 1166 (Liv.
314 1127 348 1152 c.
371 1114 431 1162 9).
477 1109 630 1164 Itaque
651 1122 782 1163 quum
818 1107 910 1146 dies
929 1105 1219 1161 quadraginta
1244 1106 1338 1144 sine
1362 1103 1454 1143 ullo
1481 1110 1640 1144 conatu

165 1191 231 1232 ibi
254 1190 442 1232 Romani
463 1189 695 1237 sedissent,
720 1186 876 1226 deinde
904 1199 993 1240 pax
1017 1183 1251 1239 colloquiis
1276 1183 1439 1223 frustra
1473 1189 1642 1222 tentata

173 1278 304 1318 esset,
347 1266 626 1322 pugnabatur
670 1272 771 1304 ante
814 1265 1028 1304 stationes
1074 1261 1366 1302 Macedonum
1411 1262 1507 1301 sine
1549 1259 1642 1300 ullo

174 1349 334 1388 effectu
377 1346 431 1398 (c.
475 1345 561 1396 10).
629 1341 745 1382 Tum
779 1357 802 1382 a
846 1340 1079 1396 Charopo,
1118 1341 1397 1395 Epirotarum
1434 1340 1645 1394 principe,

171 1434 322 1482 pastor
365 1423 540 1478 quidam
582 1421 775 1461 locorum
808 1434 972 1476 gnarus
1015 1420 1067 1460 ad
1101 1419 1397 1460 Flamininum
1438 1417 1650 1458 deductus

172 1504 374 1559 promisit.
397 1516 443 1542 se
469 1508 634 1556 partem
661 1501 884 1554 copiarum
901 1499 1198 1540 Romanarum
1223 1496 1407 1538 occultis
1434 1504 1477 1537 et
1498 1496 1647 1537 arduis

180 1582 369 1624 callibus
424 1595 554 1636 super
597 1587 726 1634 caput
771 1578 963 1619 hostium
1018 1578 1291 1618 educturum.
1372 1575 1648 1617 Flamininus

181 1677 311 1718 quum
348 1658 549 1701 nonnihil
573 1657 831 1709 dubitasset,
871 1658 1125 1699 crederetne
1154 1656 1336 1706 homini,
1378 1654 1650 1696 delectorum

176 1740 365 1782 militum
387 1753 613 1779 numerum
645 1738 778 1787 misit,
808 1737 881 1792 qui
913 1751 936 1777 a
961 1746 1135 1791 pastore
1166 1737 1208 1775 in
1244 1736 1471 1775 cacumina
1500 1733 1652 1775 Mace-

179 1820 341 1860 donum
388 1818 541 1858 castris
593 1816 870 1855 imminentia
924 1815 1379 1861 circumducerentur3
1430 1821 1653 1867 pastorem

180 1899 324 1952 ipsum
371 1895 548 1936 tribuno
592 1894 797 1944 militum,
842 1895 915 1948 qui
957 1893 1105 1948 copias
1149 1891 1348 1941 ducebat,
1391 1891 1569 1932 tradidit
1611 1898 1656 1931 et

177 1979 404 2030 promissis
434 1973 700 2028 ingente'bztS,
744 1973 781 2012 si
815 1970 925 2012 fides
960 1978 1176 2018 exstaret,
1209 1975 1434 2010 oneratum
1466 1978 1509 2010 et
1539 1977 1658 2010 cate-

182 2056 266 2094 nis.
331 2053 430 2107 Ipse
472 2054 640 2092 interea
686 2051 854 2092 hostem
898 2066 922 2091 a
963 2051 1107 2091 fronte
1151 2047 1414 2098 lacessebat,
1458 2062 1512 2088 ne
1552 2047 1656 2103 quid

186 2131 625 2171 animadverteretur.
692 2127 918 2168 Tribunus
951 2127 1200 2181 militesque
1235 2140 1366 2180 quum
1410 2126 1539 2165 tertio
1583 2124 1658 2165 de-

187 2223 305 2250 mum
338 2208 407 2247 die
440 2215 616 2261 pastore
656 2206 763 2246 duce
795 2208 841 2246 in
876 2206 1101 2254 verticem,
1134 2218 1261 2259 quem
1294 2204 1527 2258 petierant,
1560 2217 1658 2258 per-

184 2288 428 2336 venissent,
461 2287 677 2340 signoque
709 2283 762 2324 ab
798 2285 851 2324 iis
885 2284 1001 2333 dato,
1035 2282 1311 2324 Flamininus
1344 2289 1486 2323 castra
1520 2282 1660 2322 omni-

187 2364 271 2406 bus
321 2365 460 2418 copiis
504 2377 760 2418 oppugnare
803 2361 1088 2402 vehementer
1131 2362 1374 2415 coepisset,
1419 2358 1566 2400 subito
1613 2359 1660 2399 in

187 2443 458 2486 Macedonas
500 2443 543 2481 in
575 2440 872 2482 Flamininum
905 2454 1056 2481 versos
1086 2440 1296 2494 impetum
1331 2453 1357 2479 a
1389 2446 1515 2493 tergo
1546 2437 1662 2479 fece·

190 2531 293 2564 runt.
326 2529 369 2561 et
393 2529 559 2560 terrore
593 2527 636 2560 et
668 2520 774 2575 fuga
806 2520 953 2560 onmia
977 2517 1288 2572 impleverunt.
1347 2516 1414 2557 Ita
1442 2516 1661 2572 patefacta

195 2602 242 2640 in
273 2600 581 2640 Macedoniam
612 2599 686 2639 via
715 2606 797 2638 est.
857 2596 1084 2638 Tenemus
1114 2597 1220 2644 iam,
1255 2597 1351 2651 quis
1381 2596 1438 2636 sit
1469 2595 1549 2634 ille
1577 2596 1661 2643 vir,

193 2676 313 2718 leand
340 2690 499 2730 magua
526 2691 618 2717 cum
649 2691 712 2728 re,
742 2678 820 2718 sed
835 2677 981 2731 plenu’
998 2675 1134 2726 fidet,
1162 2682 1312 2730 pastor
1334 2673 1555 2727 EpiroteS‚
1590 2671 1665 2726 qui

193 2757 490 2799 Flamininum
534 2755 772 2796 multorum
810 2755 978 2796 dierum
1011 2764 1115 2796 cura
1149 2762 1193 2794 et
1221 2750 1519 2794 sollicitudine
1548 2748 1662 2790 libe·

189 2837 319 2877 ravit.
379 2832 640 2875 Plutarchus
673 2847 732 2874 ex
761 2847 849 2876 nno
881 2842 1054 2890 pastore
1086 2831 1236 2886 plures
1266 2830 1372 2872 facit
1399 2825 1661 2886 (ἅνθρωποι
