1821 3309
184 191 322 242 '118

151 336 325 389 ineptus
358 330 466 373 mihi
504 331 682 384 videor,
716 332 790 388 qui
824 331 926 373 haec·
946 332 1182 383 refellam,
1213 335 1256 374 in
1293 334 1451 390 quibus
1481 339 1619 392 prima

150 411 435 454 fundamenta
464 412 680 452 sermonis
710 410 860 453 Latini
891 412 1218 467 perturbantur.
1283 414 1506 470 Agricolae
1538 431 1574 458 c.
1595 418 1625 458 9

150 492 188 532 si
220 505 373 532 verum
405 499 470 532 est
498 491 654 546 elegit,
686 491 738 532 de
767 506 851 547 quo
886 491 1064 544 dubito,
1097 495 1179 534 etsi
1216 504 1393 551 propter
1427 496 1621 538 additum

152 570 391 626 aliqnando
455 579 598 626 potest
649 585 729 626 pro
780 586 886 613 vero
938 572 1134 627 perfecto
1170 574 1334 630 accipi,
1391 583 1536 616 tamen
1582 575 1624 617 id

150 649 425 691 incommode
456 649 692 705 respondet
722 652 963 706 superiori:
1003 664 1089 692 uon
1120 665 1287 707 semper
1317 660 1451 695 errat.
1514 654 1625 696 Sunt

150 729 194 769 in
226 729 368 785 spisso
398 726 477 769 illo
514 730 830 770 commentario
872 729 959 770 alia
990 744 1150 786 magno
1185 746 1281 772 cum
1315 733 1552 788 supercilio
1584 743 1627 775 et

152 806 282 848 valde
316 806 494 864 σεμνῶς
525 808 775 864 disputata,
822 822 915 863 quae
964 823 1050 849 non
1095 808 1232 850 multo
1262 810 1419 852 melius
1450 811 1627 854 habent.

153 885 240 929 Sed
273 901 355 944 ego
389 886 501 928 illud
533 888 698 929 attendi
726 886 861 928 velim
893 888 937 928 in
973 886 1055 929 hoc
1090 888 1316 945 exemplo,
1347 891 1627 943 quemadmo-

153 965 254 1007 dum
285 980 400 1022 saepe
430 967 476 1007 in
509 965 591 1008 hoc
619 967 863 1007 studiorum
895 981 1059 1022 genere
1088 976 1265 1023 serpant
1296 983 1493 1019 errores3
1527 984 1626 1012 nam

155 1060 285 1101 quum
317 1060 469 1087 verum
501 1053 633 1096 esset,
667 1045 877 1087 aoristum
910 1044 1109 1087 Graecum
1145 1047 1363 1089 interdum
1391 1054 1513 1090 certa
1554 1063 1628 1091 ra-

153 1127 273 1165 tione
306 1125 367 1166 ita
402 1125 524 1181 poni,
554 1133 601 1164 ut
631 1139 717 1165 non
752 1123 937 1165 multum
969 1123 1144 1165 abesset
1176 1141 1199 1166 a
1230 1130 1459 1181 praesentis
1491 1129 1628 1184 signi-

156 1199 385 1255 ficatione,
420 1204 623 1259 idemque
661 1204 773 1257 apud
808 1205 1041 1245 nonnullos
1072 1206 1308 1260 scriptores
1342 1205 1526 1247 Latinos
1558 1221 1627 1248 ac·

154 1280 324 1332 cidere,
372 1281 473 1323 hinc
504 1283 719 1338 gradatim
753 1284 956 1324 effectum
991 1292 1081 1335 est,
1132 1292 1179 1324 ut
1213 1286 1327 1325 inter
1361 1299 1553 1341 praesens
1586 1294 1627 1326 et

155 1360 394 1416 perfectum
431 1360 541 1402 nihil
577 1362 792 1403 interesse
824 1362 1050 1402 videretur
1079 1362 1125 1415 ¹).

183 1557 212 1599 ¹)
246 1555 333 1590 Alia
360 1555 545 1603 quaedam,
574 1555 614 1590 in
641 1554 780 1603 quihus
808 1553 1089 1590 Ramshornius
1131 1567 1167 1601 p.
1195 1557 1264 1589 599
1289 1554 1501 1603 perfectum
1528 1555 1628 1591 Lati-

242 1629 332 1652 num
360 1623 555 1665 comparat
583 1630 669 1652 cnm
695 1618 838 1653 aoristo
868 1618 1001 1653 Graeco
1033 1622 1212 1664 tanquam
1237 1629 1316 1651 non
1341 1617 1490 1664 vulgari
1515 1619 1629 1654 modo

244 1680 427 1726 positum,
447 1680 540 1715 satis
568 1680 643 1714 crit
657 1680 698 1714 in
715 1686 807 1715 nota
832 1680 1020 1726 attigisse.
1067 1678 1239 1713 Primum
1267 1680 1380 1726 ponit
1407 1680 1535 1716 locum
1560 1681 1630 1716 Te-

245 1742 375 1783 rentii,
399 1744 441 1777 in
467 1755 542 1789 quo
570 1742 723 1789 aliquis,
751 1741 952 1788 expositis,
980 1752 1062 1787 quae
1081 1736 1291 1782 fierivelit,
1320 1742 1519 1778 concludit
1547 1755 1627 1779 ora-

245 1803 388 1838 tionem
413 1804 531 1838 verbo
559 1806 661 1844 dix1'3
700 1803 909 1837 secundum
939 1802 1166 1844 Ciceronis,
1197 1803 1237 1836 in
1264 1815 1339 1849 quo
1366 1804 1505 1838 timore
1531 1805 1625 1840 libe-

245 1869 350 1899 ratus
377 1865 581 1900 exclamat:
609 1865 823 1910 Respiravi.
881 1863 1031 1898 Deinde
1057 1863 1164 1898 addit
1185 1867 1275 1898 nota
1301 1864 1367 1898 illa
1395 1876 1439 1899 ex
1469 1866 1626 1902 comicis

244 1928 355 1970 perii,
378 1928 610 1969 interiifflae„
637 1939 720 1974 quae
734 1926 790 1961 rei
806 1924 991 1960 absolutae
1019 1931 1056 1960 et
1081 1926 1155 1960 iam
1168 1926 1279 1961 factae
1307 1926 1629 1972 significationem

245 1985 411 2029 habent,
445 1990 491 2024 ah
530 1990 674 2024 aoristo
710 1987 937 2036 longissime
965 1987 1150 2029 diiuncta,
1184 1988 1261 2022 nisi
1290 1983 1418 2024 ὥλωλα
1443 1990 1629 2025 aoristum

245 2054 375 2095 putat;
415 2054 495 2086 tum
522 2063 567 2086 ex
597 2051 786 2087 Cicerone
814 2052 982 2091 vicimus,
1010 2050 1180 2097 positum
1207 2062 1250 2085 eo
1282 2050 1410 2092 modo,
1447 2063 1522 2098 quo
1549 2052 1630 2087 dixi

245 2122 281 2155 p.
308 2113 372 2152 85,
402 2122 492 2148 sane
517 2112 773 2159 νενικήκαμεν,
798 2125 877 2147 non
904 2109 1144 2157 ἐνικήσαμεν,
1171 2112 1264 2152 (vid.
1283 2111 1473 2146 Matthiaei
1502 2113 1627 2148 Gram.

247 2172 309 2207 Gr.
343 2173 473 2216 §500).
525 2174 680 2216 Saltem,
712 2174 779 2220 qui
807 2174 853 2208 de
880 2173 1024 2208 aoristo
1055 2172 1164 2219 loqui
1188 2172 1319 2214 vellet,
1344 2175 1628 2218 grammaticam

247 2233 411 2281 aliquam
429 2233 598 2270 Graecam
624 2235 817 2282 inspicere
840 2234 1014 2270 debehat.
1063 2234 1262 2270 Postremo
1280 2235 1449 2270 eiusdem
1476 2235 1631 2273 Cicero-

244 2296 305 2331 nis
332 2295 461 2330 locum
487 2308 531 2332 ex
556 2297 717 2344 epistola
743 2295 946 2338 adscribit,
980 2298 1021 2331 in
1047 2307 1122 2343 quo
1153 2296 1291 2331 Cicero
1319 2297 1547 2332 sententiam
1566 2310 1627 2333 su-

243 2358 407 2405 perioris
433 2358 607 2406 cpistolae
633 2359 809 2406 exponit,·
850 2358 891 2393 id
926 2356 1205 2393 Ramshornius
1233 2359 1285 2392 ita
1312 2357 1476 2405 accipit,
1506 2362 1629 2407 quasi,

246 2419 339 2468 quid
366 2432 469 2454 nunc
494 2421 602 2463 velit,
630 2420 806 2468 explicet.
857 2421 984 2455 Unum
1011 2424 1070 2453 cst
1095 2423 1200 2454 recte
1227 2419 1471 2455 observatum
1493 2421 1535 2455 in
1562 2435 1629 2458 no-

248 2487 297 2523 ta,
323 2482 504 2518 Plautum
530 2482 636 2517 Asin.
664 2482 714 2524 11,
741 2485 774 2524 4,
811 2486 833 2518 4
860 2483 1008 2517 salvere
1037 2481 1133 2515 inssi
1158 2491 1202 2515 eo
1227 2481 1341 2516 modo
1369 2481 1526 2524 dixisse,
1553 2495 1628 2531 quo

247 2544 414 2578 aoristus
451 2545 583 2591 primae·
620 2555 794 2590 personae
820 2543 923 2591 apud
949 2543 1104 2578 Graecos
1130 2543 1291 2589 ponitur
1318 2542 1412 2587 (vid.
1439 2543 1627 2579 Matthiaei

247 2603 310 2639 Gr.
329 2604 450 2640 Graec.
479 2608 595 2647 §506,
623 2607 662 2650 1)
681 2603 727 2640 de
752 2605 801 2640 iis
828 2605 965 2640 animis
993 2604 1363 2651 significationibus,
1389 2616 1472 2651 quae
1492 2617 1625 2652 quum-

247 2667 407 2701 maxime
431 2670 496 2699 aut
520 2666 649 2700 verbis
675 2671 742 2701 aut
766 2666 841 2701 alio
867 2666 982 2701 modo
1009 2667 1119 2708 (risu,
1145 2667 1333 2709 lacrimis)
1359 2666 1470 2708 fiunt,
1509 2679 1626 2714 quum

248 2739 309 2762 eas
337 2729 444 2775 quasi
470 2729 545 2763 iam
576 2726 695 2762 factas
718 2728 770 2768 is,
796 2727 862 2774 qui
888 2727 1063 2775 loquitur
1081 2754 1091 2769 ,
1115 2727 1290 2768 indicat,
1318 2726 1365 2761 ad
1391 2727 1508 2762 animi
1534 2740 1626 2776 prae-

245 2788 443 2824 cedentem
469 2794 613 2824 motum
639 2787 858 2836 respiciens.
912 2788 1045 2825 Ovidii
1073 2789 1185 2833 locus
1214 2789 1255 2823 in
1279 2789 1326 2824 A.
1352 2789 1439 2825 Am.
1471 2788 1520 2831 11,
1546 2793 1626 2831 593,

247 2850 311 2895 qui
348 2851 459 2886 simul
499 2852 663 2893 vitatur,
709 2850 808 2887 nihil
840 2851 917 2888 huc
943 2851 1134 2898 pertinet,
1172 2850 1212 2885 in
1244 2862 1319 2898 quo
1347 2850 1512 2886 Ovidius
1537 2857 1625 2897 post
