1821 3309
1444 216 1544 268 325

145 354 267 398 tione
317 355 558 399 soldanum
598 356 847 410 discedere,
900 367 1188 414 cognoscetur
1243 375 1300 402 ex
1353 359 1604 418 Ligarianae

143 434 269 487 §30,
310 436 386 478 ubi
429 436 541 479 hanc
582 438 863 492 scripturam}
902 436 1014 478 bello
1055 452 1296 494 oppressus,
1335 444 1383 482 in
1415 455 1464 483 eo
1510 445 1603 497 ipso

144 528 232 557 mm
269 515 451 557 acerbus·
482 515 597 567 fuit,
651 519 829 557 tametsi
866 522 980 559 lotus
1005 520 1162 572 {animo
1206 535 1259 560 ac
1301 521 1445 561 studio
1487 526 1600 572 tuus,

143 609 273 652 quam
315 596 446 636 etiam
489 594 694 636 Klotzius
734 594 880 646 habet,
913 597 974 637 ita
1004 597 1198 640 defendit
1228 600 1467 641 vertendo:
1498 600 1602 656 ’'ge-

140 675 246 718 rade
286 676 331 716 in
375 673 540 716 diesem
587 674 691 715 kein
736 672 986 717 erbittcrter
1023 677 1189 728 Feind3
1235 679 1440 722 wiewohl
1489 681 1602 734 (scil.

140 755 249 812 quid
298 755 482 811 loquor?
533 753 750 796 acerbus?
801 757 873 797 ein
924 755 1174 800 erbitterter
1220 759 1413 813 Feindss)
1468 758 1602 813 (viel-

141 836 285 886 mehr)
325 850 412 877 von
454 849 637 892 ganzem
675 833 851 876 Herzen
891 835 973 878 Dir
1009 838 1269 896 zugethan.'’
1335 838 1470 887 Scite,
1512 852 1603 879 me-

139 915 358 967 hercules,
386 914 712 971 parenthesium
737 914 924 957 artificio
952 932 1010 958 ex
1035 923 1212 960 tametsi
1234 919 1338 960 fecit
1365 933 1418 959 ac
1436 921 1600 974 poliac,

139 1006 184 1039 et
224 1011 284 1038 ex
328 996 556 1036 notissimo
594 1009 691 1046 usu,
733 1010 818 1050 quo
857 1011 934 1052 per
976 1002 1153 1039 tametsi
1193 998 1445 1054 adiungitur
1486 1012 1601 1039 nova

136 1076 355 1118 sententia
405 1074 459 1115 ad
505 1075 732 1129 superiora
778 1076 1036 1131 corrigenda
1077 1086 1118 1117 et
1158 1078 1273 1118 intra
1317 1091 1445 1119 veros
1487 1076 1599 1118 fines

137 1154 377 1199 coercenda
421 1154 661 1209 pertinens,
706 1154 897 1209 augendi
938 1153 1308 1212 significationem
1349 1157 1476 1198 nobis
1519 1157 1600 1199 eli-

136 1237 238 1278 cuit.
304 1234 370 1275 Ea
413 1241 574 1284 autem,
616 1246 711 1288 quae
758 1233 891 1285 addit,
934 1244 1081 1276 narrat
1114 1237 1245 1277 etiam
1279 1236 1598 1279 Germanorum

134 1313 449 1358 consuetudine
493 1326 621 1368 posse
664 1313 821 1363 omitti,
863 1321 909 1353 ut
950 1315 1036 1355 iam
1074 1317 1283 1367 nesciam,
1316 1331 1390 1358 cur
1422 1331 1506 1358 non
1535 1319 1599 1359 sic

135 1395 334 1438 verterit:
384 1393 482 1432 kein
527 1389 779 1432 erbmerter
817 1391 987 1445 Fee‘nd,
1043 1393 1240 1436 ‘zelen-olel
1285 1410 1368 1436 von
1411 1410 1597 1452 ganzem

134 1475 312 1518 Herzen
343 1471 432 1514 Dc'r
463 1468 696 1525 zugethan.
761 1471 940 1514 Scilicet
985 1475 1066 1514 etsi
1108 1473 1244 1515 multa
1285 1477 1328 1516 in
1363 1475 1430 1517 his
1462 1479 1596 1519 inter-

127 1551 448 1616 pretationibus
470 1553 630 1608 patitur
648 1564 790 1592 sermo
818 1550 1119 1605 Germanicus,
1141 1563 1283 1595 tamen
1308 1570 1390 1596 non
1414 1572 1592 1612 prorsus

132 1646 220 1679 tam
254 1634 424 1691 patiens
456 1641 549 1684 est,
591 1646 718 1688 quam
754 1631 960 1673 Latinum
1000 1648 1097 1674 esse
1140 1633 1309 1675 volunt.
1376 1635 1492 1685 Quid
1534 1653 1595 1679 ex

131 1717 328 1760 codicum
373 1714 588 1768 scriptura
628 1710 820 1765 (sublato
851 1721 995 1753 tamen
1017 1712 1135 1764 fuit,
1171 1715 1284 1770 quod
1315 1716 1358 1755 in
1394 1714 1518 1757 Leid.
1550 1726 1595 1758 ot

130 1797 231 1840 aliis
268 1807 446 1852 prorsus
480 1790 618 1842 abest,
660 1792 703 1831 in
745 1790 836 1832 Erf.
881 1806 1011 1846 supra
1057 1795 1264 1849 scriptum
1306 1797 1390 1846 est)
1432 1795 1594 1838 efficia-

130 1886 215 1928 tur,
248 1881 443 1931 apparet.
506 1870 709 1912 Modeste
742 1869 896 1912 Cicero
944 1881 986 1912 et
1019 1872 1232 1926 pudenter
1259 1873 1485 1930 Ligarium
1520 1877 1595 1918 de-

128 1956 330 2005 fendens,
372 1954 415 1993 in
458 1949 578 1992 bello
622 1963 706 1990 non
740 1949 945 1991 acerbum
990 1951 1125 1992 fuisse
1157 1952 1277 2004 dicit,
1308 1968 1421 1995 nunc
1452 1964 1592 1998 totum

132 2035 319 2078 Caesaris
352 2033 529 2074 factum.
596 2028 647 2070 In
687 2029 880 2070 eiusdem
929 2032 1138 2072 orationis
1179 2033 1203 2085 §
1243 2034 1299 2073 28
1335 2035 1486 2076 eadem
1521 2051 1592 2078 ars

127 2113 240 2158 nihil
274 2127 360 2154 non
391 2109 625 2152 enarrandi
653 2110 697 2149 in
728 2106 950 2150 Beneckio
982 2112 1166 2167 perspici
1202 2121 1373 2167 potest3
1418 2128 1517 2156 nam
1549 2124 1594 2157 et

126 2195 166 2236 is
207 2202 253 2234 et
289 2190 508 2234 soldanus
554 2192 681 2240 euim,
736 2197 783 2229 ut
826 2204 923 2246 eg0‚
973 2205 996 2231 e
1043 2190 1266 2233 codicibus
1308 2192 1591 2245 addiderunt3

126 2272 204 2314 sed
247 2270 384 2313 verba
425 2278 630 2325 tanquam
662 2270 834 2325 integra
865 2277 908 2310 et
953 2284 1059 2311 sana
1101 2272 1163 2312 sic
1199 2273 1480 2317 continuant:
1516 2289 1589 2327 an,

127 2357 178 2394 nt
202 2350 270 2400 fit
303 2354 351 2391 in
394 2348 599 2390 civilibus
640 2347 778 2398 bellis,
821 2361 901 2389 nec
948 2352 996 2389 in
1040 2349 1160 2390 vobis
1192 2355 1347 2405 magis,
1380 2366 1506 2407 quam
1540 2358 1588 2396 in

126 2431 341 2485 reliquis?
374 2441 517 2469 omnes
547 2430 658 2468 enim
688 2427 897 2468 vincendi
923 2427 1067 2468 studio
1095 2428 1358 2471 tenebamur.
1422 2431 1509 2474 Ubi
1549 2434 1587 2475 si

127 2510 224 2566 quis
258 2509 524 2566 quaesiverit,
567 2506 681 2564 quod
721 2505 904 2548 verbum
944 2505 1202 2550 subiiciatur
1243 2510 1469 2564 particulae
1507 2525 1582 2563 cm,

215 2725 324 2750 versa
350 2723 503 2761 quoque
530 2709 642 2746 modo
661 2710 892 2745 emendanda
907 2738 918 2752 ‚
944 2710 1110 2746 dixeram
1135 2712 1175 2747 in
1195 2714 1393 2760 superiore
1413 2715 1583 2751 editione

216 2775 380 2822 (Opusc.
405 2789 440 2823 p.
468 2776 565 2819 127).
635 2772 679 2807 ln
705 2773 929 2821 praefatione
955 2774 1029 2808 vol.
1057 2773 1071 2808 Ι
1100 2786 1133 2820 p.
1161 2774 1287 2810 XCVI
1315 2789 1435 2812 meam
1460 2789 1583 2812 emcn-

216 2835 407 2872 dationem
441 2837 602 2885 probat„
648 2836 814 2884 ascripto
851 2837 936 2873 loco
977 2836 1176 2872 Ciceronis
1214 2850 1257 2873 cx
1295 2839 1349 2874 ΙΙΙ
1387 2839 1434 2874 de
1466 2840 1508 2874 N.
1536 2840 1580 2873 1).

220 2901 241 2941 s
266 2901 321 2933 80.
