1821 3309
1386 169 1484 218 237

96 323 292 369 pastores
319 326 574 355 conservam
599 311 775 363 habere,
803 312 876 353 sed
906 311 1047 352 facilis
1073 313 1252 353 foeturae
1279 313 1406 361 ratio,
1436 310 1548 366 quod

96 392 298 434 habeant.
365 392 400 432 E
442 390 566 431 libris
611 391 662 430 de
698 391 748 430 L.
783 391 832 430 L.
870 393 912 430 in
958 391 1035 431 tali
1069 407 1113 431 re
1145 400 1320 446 propter
1354 391 1547 432 codicum

95 473 447 527 depravationem
473 468 649 509 difficile
673 463 738 508 es't
763 470 1013 510 testimonia
1039 480 1111 510 aut
1136 485 1307 510 sumere
1336 478 1410 509 aut
1435 484 1549 510 suni·

93 559 165 604 pta
196 548 412 590 refellere.
473 546 677 588 Indicabo
706 557 849 588 tamen
880 547 941 587 ibi
972 547 1071 588 libr.
1097 549 1138 589 X
1173 565 1211 604 p.
1243 551 1325 589 170
1351 547 1446 604 Bip.
1480 548 1549 588 edi

97 643 208 677 nunc
241 643 263 669 e
295 626 536 669 codicibus:
567 627 645 667 secl
673 627 839 678 dicunt,
875 627 990 682 quod
1019 626 1071 667 ab
1100 627 1312 667 similibus
1343 641 1549 667 nonnum-

96 722 220 764 quam
254 712 447 748 rationes·
484 704 615 746 babet
651 707 899 760 implicatus
947 706 1082 754 duas,-
1128 707 1345 746 sententia
1377 706 1548 761 quidem

96 801 236 842 neque
271 788 314 826 in
357 784 500 826 verbis
544 785 620 825 sed
652 785 803 825 dicunt
841 795 956 826 recte
990 801 1084 826 cuni
1117 784 1415 841 superioribus
1449 799 1549 825 con-

99 867 294 921 iungitur
340 879 478 920 neque
524 864 765 904 subiectum
815 864 951 905 ullum
1000 863 1154 915 habet,
1211 873 1257 904 nt
1299 864 1351 904 de
1397 865 1551 904 mendo

101 943 222 984 nulla
256 945 312 984 sit
341 943 568 984 dubitatio.
634 943 681 983 In
715 944 906 983 eiusdem
941 945 1085 997 operis
1114 942 1227 983 libro
1258 942 1367 984 Vlll
1400 959 1438 996 p.
1473 945 1554 984 123

98 1025 160 1064 sic
186 1022 459 1064 scribendum
494 1031 618 1077 puto:
657 1019 783 1068 Quod
811 1022 870 1061 ml
893 1021 1193 1062 vocabulorum
1225 1020 1352 1061 huius
1375 1026 1553 1075 generis

97 1103 298 1156 exempla
328 1105 534 1155 pertinet,
570 1101 705 1140 multa
735 1107 834 1140 staec
870 1102 1055 1155 reliqna,
1091 1101 1167 1140 sed
1196 1114 1262 1151 ea,
1295 1115 1388 1155 (111oe
1419 1101 1553 1147 dicta,

98 1180 157 1221 ad
185 1180 463 1220 indicandum
509 1184 618 1220 salis
661 1187 760 1220 sunl
792 1180 932 1234 [quod
970 1180 1201 1233 analogias
1240 1183 1286 1220 in
1321 1180 1555 1220 collatione

99 1259 320 1302 verborum
344 1264 469 1315 sequi
490 1273 574 1299 non
597 1259 832 1309 debemus]-
887 1259 1220 1313 Allugnt‘leldc'm’s
1241 1258 1452 1300 vocabula
1476 1258 1554 1298 (fer.

99 1339 251 1395 Neque
286 1341 400 1379 enini
434 1337 600 1388 dubito,
639 1340 739 1394 quin
776 1353 843 1388 ca,
891 1352 984 1393 quae
1027 1339 1191 1388 notavi,
1237 1337 1369 1378 verba
1411 1337 1555 1378 aliena

101 1433 230 1459 manu
264 1419 408 1459 addita
448 1418 534 1456 sint
583 1417 635 1457 ad
677 1416 942 1472 explendam
982 1418 1220 1457 orationem
1254 1418 1359 1456 satis
1392 1418 1554 1472 perspi—

103 1512 241 1539 cuam.
264 1498 296 1551 ¹)
362 1496 487 1552 Apud
523 1496 750 1537 Phaedrum
795 1497 981 1551 denique
1015 1496 1071 1545 V,
1101 1498 1142 1546 2,
1181 1498 1230 1535 11
1265 1494 1410 1546 (Sci'o,
1443 1497 1557 1550 quod

102 1580 258 1618 virtuli
287 1590 371 1616 uon
414 1580 470 1616 sz'l
498 1576 753 1617 credendum
785 1577 895 1628 luoe)
937 1576 1048 1630 quod
1085 1575 1334 1615 Gronovius
1366 1591 1423 1616 ex
1455 1591 1555 1616 con-

101 1655 330 1696 suetudine
373 1656 587 1695 sermonis
627 1655 900 1696 scribendum
946 1669 1041 1694 csse
1077 1653 1385 1696 intellexerat:
1431 1670 1555 1710 quam

129 1802 157 1844 ¹)
193 1798 291 1833 Cum
316 1799 608 1845 corruptissimo
637 1799 821 1833 Varronis
849 1810 962 1845 opere
988 1799 1279 1844 coniunguntur
1305 1799 1557 1834 similitudine

194 1861 307 1895 liuius
330 1860 567 1895 condicionis
591 1861 641 1896 M.
664 1861 817 1894 Seneca?
847 1862 1193 1896 controversiarum
1220 1861 1325 1901 libri,
1351 1872 1370 1893 0
1397 1874 1556 1907 quorum

194 1923 387 1963 secundo,
412 1928 582 1957 controv.
620 1926 747 1965 13(5)‚
784 1922 865 1955 haec
902 1923 1014 1956 verba
1054 1926 1106 1968 (p.
1147 1926 1213 1956 182
1249 1923 1348 1968 Rip.)
1379 1923 1557 1957 Vorstius

196 1985 364 2032 profert:
385 1991 559 2030 apparet,
586 1986 687 2031 quod
701 1998 771 2018 mm
789 1986 966 2029 ‹mm-tuit,
993 1986 1028 2018 si
1049 1999 1094 2019 uc·
1113 1987 1219 2018 licuit
1234 1986 1388 2032 quidem.
1431 1985 1559 2028 Quum

196 2047 235 2080 id
271 2047 311 2080 in
347 2046 532 2080 iudicium
558 2047 697 2085 veniat,
723 2051 852 2079 utrum
882 2045 953 2079 hoc
981 2059 1055 2081 uuo
1081 2047 1167 2081 loco
1199 2047 1238 2080 in
1268 2046 1451 2080 facillima
1477 2060 1556 2081 ora-

197 2108 312 2142 tionis
340 2108 460 2142 sornia
498 2113 534 2142 ct
560 2109 798 2155 apertissima
827 2108 971 2142 Seneca
999 2115 1161 2154 apparet
1187 2110 1285 2153 quod
1309 2109 1481 2155 posuerit
1512 2122 1558 2143 an

195 2181 280 2203 cum
306 2182 390 2204 cum
421 2171 526 2204 millc
556 2171 641 2205 aliis
667 2172 805 2205 misera
833 2171 957 2217 operis
987 2171 1140 2204 fortuna
1168 2170 1449 2217 depravaverit,
1492 2171 1558 2205 ‹lu-

197 2232 302 2266 bium
338 2245 413 2266 non
447 2238 525 2273 cst,
562 2238 691 2266 utrum
730 2245 941 2280 sequanmur.
1023 2232 1066 2266 ln
1095 2232 1183 2267 libr.
1213 2236 1230 2265 1
1259 2237 1379 2266 contr.
1407 2236 1430 2266 2
1455 2245 1477 2278 p
1513 2237 1559 2266 89

197 2294 279 2340 ssip.
315 2296 538 2339 (novissime,
573 2297 675 2342 quod
709 2308 782 2329 mm
818 2297 867 2329 sit
901 2296 1083 2340 pudica),
1121 2307 1194 2341 quo
1220 2295 1306 2329 loco
1334 2294 1433 2328 idem
1466 2295 1556 2328 Vor-

199 2355 295 2389 stius
332 2356 480 2397 utitur,
520 2358 721 2402 perspicua
759 2361 817 2390 cst
847 2356 1010 2390 causalis
1041 2356 1282 2399 significatio.
1332 2356 1372 2390 L.
1404 2355 1558 2389 Senecae

198 2417 306 2451 locus
332 2417 373 2450 in
403 2418 514 2463 epist.
544 2421 611 2450 108
638 2420 658 2460 5
687 2420 730 2450 14
765 2429 784 2449 a
820 2416 950 2450 multis
977 2417 1087 2450 annis
1119 2418 1263 2450 rectius
1290 2417 1455 2462 scriptus
1493 2429 1557 2463 op-

200 2478 378 2512 timorum
418 2478 592 2512 codicum
623 2478 852 2512 auctoritate
889 2478 1026 2512 editur.
1092 2478 1222 2512 Ovidii
1248 2479 1381 2519 locus,
1408 2479 1471 2525 qui
1502 2484 1559 2513 est

200 2541 242 2576 in
266 2540 392 2577 Trist.
418 2540 474 2580 V,
501 2544 534 2579 6,
559 2544 628 2581 27,
666 2539 979 2587 quomadmodum
1007 2551 1026 2574 0
1053 2541 1249 2575 codicibus
1276 2541 1466 2574 emendari
1498 2541 1557 2575 dc-

198 2605 319 2642 beret,
345 2603 422 2636 «lixi
451 2603 497 2636 ad
524 2602 606 2639 Cic.
636 2602 682 2636 (10
709 2603 792 2636 Fin.
820 2602 854 2635 V
884 2605 904 2644 §
933 2606 978 2636 32
1002 2616 1037 2649 p.
1067 2606 1145 2638 671.
1206 2603 1249 2636 ln
1285 2603 1439 2649 Virgilii
1467 2603 1557 2637 (En.

201 2665 255 2699 lx
282 2678 315 2699 v.
342 2669 410 2699 289
437 2668 532 2713 (quo
559 2666 643 2699 loco
670 2665 788 2698 miror
813 2665 1003 2700 neminem
1029 2677 1140 2698 usum
1166 2669 1264 2708 esse)
1291 2667 1390 2713 quod
1416 2666 1556 2700 causali

202 2727 483 2772 significatione
523 2728 690 2762 refertur
727 2727 773 2760 ad
811 2727 1029 2773 supcriora;
1076 2728 1265 2775 Euryalus
1314 2728 1556 2761 insalutatam

203 2793 357 2823 matrem
385 2802 425 2824 se
453 2790 670 2837 relinquere
696 2789 802 2829 dicit,
837 2788 939 2835 quod
973 2788 1147 2824 lacrimas
1176 2791 1347 2836 perferre
1371 2803 1447 2824 non
1473 2803 1558 2837 pos-

204 2853 268 2891 sit,
294 2856 332 2885 et
359 2851 457 2886 hane
482 2864 595 2886 unam
622 2863 704 2885 csse
733 2863 906 2893 causam,
932 2851 1022 2885 deos
1049 2856 1220 2886 testatur.
