1821 3309
1446 194 1539 243 VII

264 341 296 376 P.
331 342 409 378 13⁶2
439 341 498 376 im.
567 339 694 375 Codex
731 339 760 373 is
792 339 967 374 librorum
999 309 1050 375 der
1074 339 1232 385 legibus,
1262 351 1282 375 e
1313 351 1384 386 quo
1417 340 1609 387 scripturae

153 423 310 455 enotatae
348 418 500 455 Hauniae
541 420 747 461 servantur,
794 418 889 453 sitne
933 417 1136 454 Vossianus
1179 418 1336 463 optimus
1374 419 1608 454 bibliothecae

152 496 513 542 Lugduno-Batavae‚
553 495 688 532 Bakius
726 494 876 542 inquirit
906 508 941 543 p.
975 497 1052 532 108
1082 508 1160 543 sqq.

264 575 301 611 P.
348 576 426 612 193
471 585 504 611 ν.
550 574 612 610 13.
670 573 847 609 Martialis
891 574 978 610 loco
1019 575 1104 612 addi
1150 575 1242 610 alter
1281 578 1404 622 potest
1444 575 1606 611 eiusdem

151 657 285 701 poetae,
314 653 362 698 X,
396 653 460 699 12,
493 653 542 688 5:
604 651 680 688 Sed
708 650 934 689 desiderium
969 653 1066 690 tanti
1092 658 1161 699 est,
1201 657 1243 690 ut
1280 664 1398 690 messe
1433 653 1495 690 vel
1532 665 1609 690 una

157 730 309 768 Urbano
339 732 484 767 releves
516 730 620 766 colla
643 735 801 777 perusta
829 731 929 778 iuyo.

261 811 298 846 P.
328 811 423 846 226.
482 809 757 857 Comparandus
787 808 883 845 idem
917 810 1069 847 liberior
1099 811 1288 858 praesentis
1320 810 1488 847 historici
1521 821 1606 846 usus

151 889 247 935 apud
271 887 435 934 Grae008‚
466 888 568 924 cuius
591 888 758 934 exempla
782 887 828 924 A.
850 888 1051 925 Matthiaeus
1073 888 1183 924 habet
1205 887 1265 925 Gr.
1297 888 1357 925 Gr.
1387 892 1413 934 §
1443 891 1537 935 504,
1571 891 1605 926 1.

339 1011 465 1053 Scrib.
503 1012 629 1053 Haun.
659 1012 762 1066 prid.
794 1010 876 1053 Cal.
909 1011 1008 1054 Nov.
1041 1026 1078 1055 a.
1109 1012 1406 1056 MDCCCXLII.

358 1605 533 1648 Errores
564 1606 846 1661 typoyraphicz'
875 1606 1153 1648 animadversi
1183 1607 1243 1648 his
1274 1608 1375 1648 locis
1388 1625 1400 1648 :

331 1717 371 1750 P.
445 1721 467 1752 6
489 1721 564 1752 not.
594 1711 618 1751 ‘2
641 1730 671 1752 v.
700 1720 717 1751 1
741 1730 804 1762 pro
827 1721 850 1752 8
876 1731 946 1753 scr.
971 1721 1003 1752 7.

326 1795 375 1804 -
420 1781 468 1812 22
492 1786 574 1813 texe.
595 1791 625 1814 υ.
648 1783 672 1812 7
690 1780 732 1814 ab
753 1781 822 1813 imo
843 1792 907 1825 pro
932 1783 975 1814 16
1004 1793 1072 1814 scr.
1099 1783 1151 1815 15.

326 1857 374 1866 -
420 1844 467 1875 53
492 1845 563 1875 not.
588 1853 651 1887 pro
671 1843 751 1875 vide
778 1853 844 1875 scr.
869 1843 939 1877 vid.
965 1841 1022 1885 (id
1048 1847 1112 1885 est,
1139 1845 1346 1889 videantur).

327 1920 372 1929 —
417 1905 464 1936 87
487 1916 516 1937 υ.
543 1906 588 1938 13
611 1914 680 1938 scr.
708 1915 778 1949 quo
803 1903 935 1938 litteris
960 1916 1028 1939 non
1052 1905 1238 1941 inclinatis.

329 1983 375 1990 ·—-
401 1967 468 1999 105
491 1977 519 1998 v.
543 1967 566 1998 5
587 1975 654 2011 pro
680 1967 816 2000 dexeris
840 1977 908 2000 scr.
935 1967 1071 2001 dixeris.

329 2046 374 2052 —
400 2030 468 2061 193
493 2039 522 2062 v.
549 2030 593 2062 12
614 2040 679 2074 pro
705 2039 747 2062 ne
769 2040 837 2062 scr.
863 2039 944 2062 non.

328 2106 376 2115 —
398 2092 470 2122 200
491 2102 521 2124 v.
545 2093 592 2123 22
613 2102 677 2136 pro
702 2087 776 2122 ΧΠ
805 2101 872 2122 scr.
897 2086 999 2121 Xlll.

330 2168 374 2176 -
398 2153 468 2185 256
491 2163 520 2185 v.
550 2155 595 2185 10
617 2165 681 2198 pro
701 2154 772 2186 224
795 2162 863 2186 scr.
887 2153 965 2185 244.

330 2231 376 2238 -—
401 2216 467 2246 301
494 2226 522 2247 v.
550 2217 593 2247 13
618 2228 680 2259 pro
706 2217 744 2248 11
772 2226 843 2250 scr.
869 2216 906 2249 4.
