1821 3309
1445 174 1541 223 221

161 316 300 356 codex
326 315 621 366 FlorentinuS,
649 325 746 372 post
779 317 1064 367 Puteaneum,
1094 317 1147 357 de
1177 331 1260 372 quo
1293 315 1402 357 nihil
1432 316 1610 357 adnota-

160 405 228 435 tur
269 403 311 435 et
351 397 420 450 qui
454 411 605 450 parum
644 395 876 450 diligenter
918 396 1103 437 collatus
1133 404 1213 446 est,
1242 395 1374 451 longe
1407 389 1610 451 optimus,

158 482 275 514 recte
315 475 475 514 omittit
498 475 643 523 jlcz't.
708 474 841 515 Libro
873 474 952 524 III,
982 477 1053 525 24,
1086 476 1151 524 10,
1196 473 1269 514 ubi
1298 476 1461 516 editur:
1494 474 1608 517 Fue-

156 557 259 592 runt
289 565 418 592 censa
453 557 610 593 civium
648 557 796 607 capita
826 553 920 604 (stc,
950 554 1043 608 ipse
1074 552 1307 594 verborum
1348 554 1452 594 ordo
1502 555 1613 605 (ine-

154 632 352 686 ptissime
383 633 497 673 enim
531 631 710 672 verbum
752 631 1073 672 substantivum
1103 633 1243 687 primo
1273 632 1369 673 loco
1400 634 1612 688 ponitur,)

156 710 358 751 mendum
398 713 558 766 arguit,
602 712 771 752 codices
815 711 1033 767 permulti,
1081 712 1273 752 detracta
1315 727 1402 753 una
1445 712 1609 759 littera,

156 789 338 832 tollunt:
380 790 510 845 idque
551 791 731 831 lustrum
774 790 827 831 ab
859 795 1032 845 origine
1060 791 1179 832 urbis
1223 791 1430 832 decennem
1464 792 1610 832 condi-

153 868 431 918 tumferunt.
493 869 630 910 censa
653 874 809 910 ciclum
837 875 983 925 capita
998 871 1076 911 (ΩΟ.
1106 870 1347 926 Perpetuus
1364 870 1482 911 Livii
1501 886 1604 911 usus

153 951 194 989 in
230 948 478 990 huiusmodi
513 951 704 990 numeris
741 951 940 990 notandis
972 950 1189 1005 postulat,
1241 958 1286 989 ut
1327 950 1467 1004 primo
1510 949 1607 990 loco

123 1052 125 1055 -
154 1036 339 1082 ponatur
375 1028 526 1069 Censa.
589 1028 724 1069 Libro
758 1028 893 1079 XXI,
923 1030 978 1068 50
1014 1029 1179 1069 editur:
1209 1027 1344 1068 Melle
1377 1034 1418 1067 et
1449 1033 1609 1082 septin-

149 1106 431 1160 genle‘fuere
453 1111 498 1148 in
525 1107 709 1148 navibus
736 1112 867 1162 capti,
899 1109 1058 1148 mile'les
1079 1113 1329 1161 newloeque3
1361 1108 1435 1147 sed
1467 1108 1603 1149 codex

151 1185 351 1236 Puteani,
383 1186 680 1236 Florentinus,
712 1186 1000 1227 Lot-aniensis
1032 1188 1207 1243 quintus
1240 1196 1357 1227 recte
1388 1189 1604 1243 scriptum

153 1264 338 1306 habent:
368 1265 504 1307 Melle
535 1273 575 1307 et
602 1270 873 1322 septingenti
880 1266 1021 1315 fuere
1044 1271 1089 1307 ίιι
1117 1266 1299 1307 navibvs
1327 1270 1466 1320 caplis
1496 1268 1608 1307 mila·—

151 1350 216 1384 τρε
251 1351 493 1400 nauloeqece.
552 1345 704 1386 Restat
738 1345 859 1385 locus
889 1347 931 1385 in
966 1357 1166 1386 extrema
1197 1354 1316 1400 parte
1346 1345 1482 1396 Livii,
1513 1361 1606 1401 quae

155 1423 209 1464 ab
241 1437 329 1464 uno
372 1424 517 1464 codice
551 1423 911 1465 Laurishamensi
943 1426 1118 1479 pendet,
1151 1424 1339 1465 nondum
1370 1426 1476 1465 satis
1511 1425 1607 1466 dili-

152 1512 307 1559 genter
347 1503 596 1558 exploratO,
618 1505 649 1557 l)
693 1504 791 1544 libr.
840 1504 986 1555 XLV,
1013 1506 1082 1555 22,
1111 1506 1159 1545 6:
1190 1503 1268 1544 secl
1300 1518 1327 1543 α
1358 1503 1478 1544 vobis
1507 1518 1607 1559 pro-

151 1581 283 1623 lab-272·
318 1589 527 1638 proestare
543 1583 745 1634 fuimus,
779 1582 851 1623 ubi
886 1598 969 1623 non
1003 1597 1146 1623 smnus
1175 1583 1491 1624 restituendum
1527 1594 1608 1634 est,

152 1662 364 1716 (manebit
395 1664 524 1713 enim,
559 1677 642 1718 qua
678 1677 761 1702 non
798 1663 940 1702 minus
972 1661 1173 1702 mendum
1205 1663 1417 1717 arguitur,
1449 1664 1608 1704 vitiosa

151 1741 382 1783 verborum
414 1741 666 1783 collocatio:
691 1740 908 1794 prohibiti
929 1747 1143 1795 prceslare
1175 1741 1353 1793 smmcs),
1396 1741 1472 1781 sed
1503 1745 1606 1782 scri-

149 1821 362 1863 benduint
407 1820 484 1861 sed
525 1835 552 1861 a
596 1821 716 1861 vobis
747 1820 966 1876 prohibiti
986 1826 1202 1875 proestare
1232 1823 1603 1874 nequivimus.

148 1900 202 1941 Et
227 1901 315 1941 haec
340 1900 512 1955 quidem
536 1900 587 1940 de
614 1900 759 1940 Livio.
779 1901 815 1952 2)
876 1899 1105 1953 Zumptius
1127 1908 1270 1938 autem
1288 1898 1450 1954 aliique
1474 1902 1602 1941 etiam

150 1979 439 2020 Ciceroniano
474 1980 723 2019 testimonio
759 1988 937 2019 utuntur
971 1979 1020 2018 ad
1056 1979 1280 2032 utriusque
1324 1978 1474 2018 formae
1507 1993 1604 2034 pro-

149 2060 358 2100 misenum
378 2073 500 2099 usum
519 2059 848 2100 ostendendum.
894 2057 1060 2099 Verum
1092 2059 1135 2097 in
1166 2071 1234 2107 eo,
1265 2071 1390 2112 quem
1420 2058 1456 2096 is
1487 2059 1605 2107 citat,

146 2137 259 2189 loco,
301 2153 379 2193 pro
418 2137 597 2179 Plancio
631 2154 667 2179 c.
696 2140 765 2188 20,
799 2139 868 2187 50,
912 2137 1051 2177 codex
1087 2137 1291 2191 optimus,
1321 2135 1604 2185 Erfurtensis,

146 2231 231 2258 non
263 2217 495 2270 repudiata
511 2216 630 2267 fail,
661 2219 736 2258 sed
768 2217 1001 2271 repudiata
1043 2221 1104 2256 esc
1135 2216 1341 2271 scriptum
1373 2214 1520 2266 habet,
1560 2225 1606 2256 ut

146 2309 259 2336 nunc
290 2294 493 2336 Klotzius
524 2297 684 2338 edidit:
722 2296 846 2337 valde
882 2310 1063 2343 vereor,
1110 2303 1155 2335 ut
1186 2303 1303 2335 recte
1336 2294 1478 2335 codex
1520 2294 1604 2335 Ba-

146 2374 318 2414 varicus
351 2374 572 2428 inspectus
605 2377 674 2415 sit.
741 2375 860 2415 Idem
893 2374 1094 2414 mendum
1126 2372 1261 2412 haeret
1297 2372 1341 2411 in
1359 2371 1603 2427 Philippica

146 2452 203 2503 V,
245 2453 314 2503 17,
356 2453 426 2503 47,
476 2452 549 2493 ubi
593 2454 762 2494 codices
803 2451 1009 2507 vulgares
1052 2449 1214 2490 habent
1256 2453 1457 2490 extincta
1484 2449 1602 2502 ficit,

172 2603 202 2645 ¹)
236 2600 405 2635 Plurima
433 2598 583 2645 egregie
609 2610 654 2633 ex
680 2610 723 2633 eo
747 2597 992 2646 Kreyssigius
1019 2596 1247 2637 emendavit,
1294 2596 1360 2631 sed
1389 2597 1472 2644 ipsa
1497 2598 1599 2633 codi-

236 2663 292 2697 cis
333 2662 553 2696 testimonia
587 2661 757 2696 nondum
783 2661 916 2702 edidit,
950 2672 994 2694 ex
1020 2659 1159 2706 quibus
1193 2659 1380 2694 nonnulla
1417 2665 1599 2707 praeterea

236 2724 427 2760 emendari
456 2728 652 2771 poterunt,
677 2723 763 2765 alia,
789 2724 821 2758 si
847 2735 924 2758 non
950 2721 1154 2763 emendari,
1190 2725 1229 2755 at
1254 2722 1420 2768 coargui.

168 2788 201 2828 ²)
238 2786 367 2833 [Apud
390 2786 540 2822 Livium
566 2785 695 2820 xxvl
721 2798 752 2820 c.
772 2790 830 2829 27,
868 2790 889 2822 4
915 2786 1173 2822 continuatum
1198 2795 1275 2818 non
1300 2783 1490 2820 conflatur
1514 2796 1598 2819 cum

239 2854 308 2890 est,
334 2848 400 2884 sed
423 2860 491 2896 pro
519 2848 709 2884 adiectivo
735 2851 819 2893 est]
