1821 3309
1422 201 1518 252 177

109 349 282 395 aperta3
334 355 463 399 qnam
504 342 621 384 enim
664 342 998 385 exeusationem
1044 339 1192 393 habet,
1227 355 1370 398 quem,
1407 354 1453 387 ut
1484 360 1582 388 eum

54 419 58 424 ’
108 419 358 463 rhetoribus
398 421 582 478 loquar,
638 421 830 463 colorem
876 422 1032 477 recipit
1084 435 1276 476 praesens
1326 422 1437 465 illud
1484 439 1582 467 cum

107 499 256 541 futuro
299 501 594 550 coniunctum,
636 499 718 540 hoc
754 500 927 555 quidem
960 501 1278 541 sententiarum
1322 515 1459 553 nexu,
1491 504 1580 554 ubi,

105 579 249 634 posito
280 579 560 634 imperativo,
594 577 695 634 quid
728 579 943 619 actionem
980 588 1053 619 aut
1085 588 1288 620 conatum
1329 590 1581 622 secuturum

104 657 178 709 sit,
211 657 481 699 ostenditur}
521 655 615 698 Nec
646 670 722 698 eos
762 671 875 698 nunc
908 656 1174 699 refellendos
1217 666 1338 713 puto,
1376 661 1464 715 qui,
1498 660 1580 702 hoe

105 735 412 777 animadverso
440 736 731 788 incommodo,
763 735 903 787 obliti,
936 737 1037 792 qnid
1070 745 1185 778 esset
1200 751 1366 792 ponere
1392 739 1582 794 aliquem

105 823 149 856 et
181 815 282 871 quid
315 815 558 871 postularet
590 816 781 858 secunda
812 815 951 868 verbi,
983 817 1096 872 qnod
1129 825 1194 858 est
1216 830 1348 871 pone,
1379 831 1581 871 persona,

108 908 264 936 eversa
315 894 503 952 denique
562 898 681 937 omni
724 894 809 936 loci
855 897 1102 947 sententia,
1159 895 1324 937 lucebis·
1367 906 1579 939 mutatum

105 974 252 1014 ierunt
296 974 340 1014 in
386 973 561 1025 lucebit,
603 983 650 1015 ut
690 974 869 1015 deducet
910 973 1051 1015 altero
1096 974 1193 1015 loco
1241 975 1372 1016 scribi
1418 987 1582 1031 posset,

107 1053 312 1108 quoniam
355 1053 535 1094 deduces
572 1061 758 1094 metrum
802 1052 1015 1094 excludit.
1075 1053 1412 1095 Defendendum
1447 1056 1582 1110 igitur

106 1132 189 1174 erit
213 1131 404 1183 deducu,
437 1132 550 1188 quod
581 1132 752 1174 codices
785 1131 962 1184 habent,
992 1142 1033 1174 et
1062 1133 1383 1175 defendendum
1412 1149 1582 1176 accom-

104 1209 278 1252 modate
310 1211 362 1252 ad
394 1225 501 1252 rem.
567 1209 859 1253 Consentiunt
891 1214 1023 1264 enim,
1056 1212 1300 1269 significari
1332 1213 1584 1255 crudelissi-

104 1303 222 1331 mum
259 1288 371 1331 illud
408 1290 612 1347 supplicii
644 1306 800 1348 genus,
847 1307 931 1349 quo
963 1291 1082 1334 Nero
1115 1294 1158 1334 in
1189 1291 1470 1343 Christianis,
1503 1292 1581 1334 alii

106 1369 149 1409 in
190 1367 292 1410 aliis
329 1371 396 1410 usi
439 1379 555 1422 sunt,
599 1380 646 1411 ut
692 1372 858 1421 miseri,
904 1373 1052 1425 stipite
1098 1386 1174 1427 per
1219 1378 1368 1429 guttur
1410 1372 1579 1423 adacto,

106 1448 297 1488 tunicam
331 1447 470 1489 induti
505 1450 621 1505 ignis
657 1449 878 1491 alimentis
913 1450 1085 1501 illitam,
1128 1451 1363 1507 adpalum
1396 1450 1580 1507 deligati

106 1536 148 1567 et
191 1526 356 1568 defossi
396 1526 754 1582 destituerentur,
798 1532 899 1586 igne
945 1531 1227 1572 circumdato.
1294 1530 1429 1584 (Vim,
1471 1544 1580 1586 qnos

104 1606 365 1661 interpretes
399 1605 468 1647 hic
511 1608 645 1648 citant
680 1618 721 1649 et
756 1609 808 1650 ad
844 1608 969 1661 VIII,
1000 1610 1116 1663 235.)
1183 1609 1397 1651 Defensio
1434 1619 1579 1651 autem

104 1686 285 1726 inventa
329 1686 428 1736 erit,
473 1687 652 1728 invento
699 1687 897 1729 subiecto
947 1688 1086 1739 verbi,
1132 1690 1244 1745 quod
1281 1698 1345 1729 est
1389 1689 1580 1730 deducit.

102 1762 149 1804 Id
182 1764 465 1819 repetendum
505 1773 571 1805 est
611 1780 668 1806 ex
705 1780 790 1822 qua
823 1782 873 1808 ea
907 1769 1093 1819 ratione,
1136 1783 1218 1823 qua
1251 1768 1503 1824 frequenter
1538 1779 1579 1809 et

103 1843 215 1899 apud
259 1842 436 1885 Graecos
480 1852 522 1885 et
563 1845 677 1900 apud
722 1846 905 1888 Latinos
947 1845 1180 1888 relativum
1216 1847 1353 1889 semel
1390 1849 1577 1903 positum

103 1923 155 1965 ad
183 1921 367 1964 alterum
396 1924 608 1964 orationis
636 1924 875 1966 membrum
906 1925 994 1966 alio
1022 1940 1123 1967 casu
1147 1926 1336 1977 auditur,
1371 1941 1448 1968 nec
1481 1942 1577 1967 raro

105 2016 182 2053 ea,
223 2017 307 2058 qua
357 2001 452 2053 liic,
492 2002 657 2054 forma,
702 2012 747 2044 ut
792 2006 1090 2046 nominativus
1132 1990 1339 2046 ex'easu
1398 2004 1577 2061 obliquo

104 2089 295 2122 eruatur.
364 2081 437 2123 Sic
476 2081 558 2123 hoc
590 2083 772 2125 dieitur:
816 2089 857 2124 el
890 2098 980 2140 quw
1018 2086 1179 2125 sulcum
1227 2084 1405 2125 deducit
1436 2084 1579 2124 media

104 2173 256 2201 arena.
319 2159 448 2202 Hunc
490 2160 657 2203 sulcum
706 2163 893 2205 ducebat
941 2163 1052 2205 tzeda
1094 2163 1197 2215 illa,
1252 2179 1382 2220 quum
1430 2163 1577 2220 plures

103 2238 304 2281 homines
348 2241 554 2282 continua
596 2243 711 2283 serie
755 2242 917 2284 defossi
963 2242 1189 2284 ardebant.
1253 2243 1321 2285 De
1367 2244 1579 2284 orationis

103 2317 236 2370 paulo
267 2318 606 2375 negligentioris
638 2321 795 2372 forma,
822 2322 934 2378 qnod
969 2323 1021 2363 ad
1055 2321 1233 2364 Graecos
1265 2324 1436 2372 attinet,
1472 2323 1578 2363 satis

106 2397 189 2437 erit
220 2410 269 2438 ac
302 2397 448 2451 potius
481 2398 578 2454 plus
613 2414 740 2455 quam
773 2402 879 2442 satis
912 2400 1189 2442 Mettliiaenm
1232 2403 1390 2442 citasse
1422 2408 1576 2440 testem

105 2484 147 2522 jn
171 2489 354 2531 gramm.
377 2473 515 2517 Graec,
553 2479 575 2527 ξ
606 2478 690 2518 428
718 2493 760 2533 p.
795 2479 877 2518 792
905 2478 970 2518 ed.
997 2484 1047 2526 ‘23
1092 2479 1144 2519 de
1171 2478 1343 2519 Latinis
1371 2477 1580 2533 exempla

109 2553 277 2610 aliquot
311 2554 511 2596 addenda
543 2563 643 2595 sunt
674 2557 825 2612 paucis
860 2558 929 2607 iis,
960 2571 1054 2613 qnae
1085 2557 1418 2599 Ruddimannus
1452 2555 1581 2598 Toni.

108 2632 164 2675 II.
209 2649 250 2690 p.
284 2633 340 2675 27
373 2634 494 2691 Lips.
531 2635 688 2691 posuit.
755 2635 827 2678 Sic
872 2636 1006 2691 igitur
1052 2635 1207 2678 Cicero
1249 2639 1293 2678 in
1341 2634 1524 2678 Tuscul.
1558 2638 1579 2675 l

107 2715 130 2764 ξ
161 2713 246 2754 72:
282 2711 520 2770 quibusque
548 2713 710 2760 fuisset
742 2717 922 2757 ηιίηίηια
958 2729 1050 2756 cum
1085 2715 1341 2774 corporibus
1375 2719 1580 2769 contagio

105 2804 282 2846 seseque
322 2792 374 2835 ab
417 2797 472 2835 iis
513 2807 683 2850 semper
728 2800 1028 2844 set-ocassenn
1077 2796 1128 2838 de
1174 2795 1300 2837 Orat.
1350 2793 1393 2836 II
1433 2793 1454 2848 ξ
1497 2794 1579 2832 431

107 2869 223 2923 quod
260 2876 303 2911 et
350 2885 376 2910 a
425 2871 581 2915 Crasso
625 2880 787 2915 tactum
833 2879 896 2915 esc
941 2880 983 2916 et
1015 2875 1091 2916 ille
1127 2878 1219 2931 ipse
1251 2873 1471 2916 Arestoles
1504 2870 1582 2911 ad—

1278 2960 1323 2990 12
