1821 3309
286 169 387 218 338

225 319 247 366 ξ
277 315 330 353 31
367 310 538 366 vulgari
572 307 728 349 mendo
760 309 1011 348 coniectura
1044 305 1220 346 sublato
1251 307 1430 362 scripsi:
1462 312 1506 350 si
1531 323 1688 365 aquam

220 391 414 447 gelidum
448 389 664 439 biberunt,
688 391 830 442 primo
861 388 1056 428 relevari
1084 385 1290 426 videnlur
1319 384 1417 441 (ubi
1448 396 1542 429 erat
1571 388 1688 432 bibe.

225 475 331 522 rint,
370 471 494 526 quasi
534 469 775 509 diceretur:
817 467 1055 507 relevatum
1093 468 1157 505 irc
1187 465 1427 519 videnlur),
1473 468 1526 508 de
1560 484 1612 510 ea
1641 485 1689 511 re

223 551 320 593 dixi
349 553 392 592 in
421 550 677 606 praefatione
702 546 830 588 Laelii
860 554 902 586 et
925 543 1104 586 Catonis
1129 561 1168 601 p.
1194 546 1290 587 XX
1307 543 1693 604 [p.281sq.huius

226 632 352 690 edit-'J
391 641 432 672 ct
463 631 514 671 de
538 627 750 686 particula
780 640 904 683 quum
938 625 990 666 ad
1021 624 1116 667 Fin.
1152 624 1195 665 V
1226 627 1249 676 ξ
1281 627 1334 666 41
1366 640 1408 681 p.
1438 629 1535 668 690.
1556 628 1591 682 ¹)

337 712 504 753 Verum
538 723 622 750 non
652 721 829 761 possum
863 704 1144 745 Catilinarias
1177 705 1397 745 orationes
1427 706 1693 764 relinquere,

226 795 310 835 nisi
344 807 434 834 rem
470 790 538 831 his
572 787 786 844 proximis
833 785 958 826 aunis
1001 785 1210 839 agitatam
1246 785 1450 840 attigero,
1479 788 1692 843 suspicio..

228 889 305 915 nes
348 873 444 913 dico
484 869 732 923 iudiciaque
774 880 944 911 eorum,
999 865 1071 919 qui
1116 865 1300 919 primum
1346 879 1474 906 unam
1520 880 1580 907 ex
1620 868 1693 918 iis,

229 953 385 995 deinde
429 952 554 998 duas,
597 956 816 1004 postremo
857 945 986 984 etiam
1030 952 1117 983 tres
1153 958 1236 984 non
1277 959 1302 985 a
1343 943 1556 985 Cicerone
1589 946 1694 986 scri-

228 1044 325 1090 ptas
365 1031 440 1073 sed
494 1030 537 1070 ei
589 1027 704 1069 falso
752 1024 949 1066 subditas
994 1031 1274 1080 putaverunt.
1345 1022 1455 1073 Quae
1501 1039 1600 1075 res,
1645 1032 1695 1066 ut

231 1127 383 1154 verum
415 1111 571 1159 dicam,
601 1122 627 1148 a
656 1104 734 1147 tali
766 1105 892 1145 initio
923 1103 1051 1143 ducta
1085 1111 1165 1153 est,
1198 1104 1260 1144 ita
1290 1105 1442 1155 crevit,
1475 1105 1530 1145 iis
1563 1119 1694 1160 argu-

230 1193 390 1235 mentis
429 1196 612 1230 tractata
657 1194 738 1236 est,
793 1192 841 1224 ut
881 1196 1084 1237 magnam
1121 1182 1192 1233 iis,
1238 1183 1311 1238 qui
1353 1197 1504 1224 omnes
1543 1183 1694 1225 huius..

229 1273 348 1314 modi
388 1268 682 1310 dubitationes
724 1265 769 1304 in
810 1262 1021 1302 invidiam
1069 1270 1227 1301 vocant
1268 1263 1579 1319 inanitatisque
1623 1278 1693 1304 ai·-

231 1359 395 1407 guum,
437 1361 526 1388 suae
560 1344 786 1386 sententiae
827 1339 1179 1381 commendandae
1213 1339 1466 1382 facultatem
1500 1341 1694 1397 praebeat

231 1442 469 1484 eorumque
511 1424 719 1467 vanitatis
760 1420 965 1470 ridenda»,
1003 1420 1092 1474 qui,
1142 1433 1194 1459 ne
1236 1422 1486 1461 auctoritati
1527 1423 1695 1463 servire

229 1510 398 1552 tardive
430 1520 527 1547 esse
556 1504 801 1550 videantur,
834 1499 1041 1555 quidquid
1082 1500 1138 1539 sit
1180 1498 1398 1555 prolatum
1441 1502 1546 1542 novi
1576 1516 1695 1543 com-

230 1590 382 1641 menti,
423 1585 634 1641 arripiant
680 1590 723 1622 et
762 1588 966 1634 augeant.
1030 1577 1193 1619 Mirum
1235 1579 1430 1634 profecto
1471 1589 1563 1628 est,
1601 1581 1696 1637 qui.

235 1672 349 1722 dam,
388 1669 461 1724 qui
489 1664 596 1706 alibi
621 1665 665 1704 in
698 1661 872 1717 scriptis
900 1667 1097 1700 veterum
1122 1659 1376 1700 enarrandis
1410 1673 1533 1715 paene
1565 1661 1696 1701 nimis

230 1759 331 1792 sunt
363 1746 515 1789 faciles
533 1760 582 1785 ac
598 1743 830 1799 patientes,
853 1753 979 1795 quam
993 1737 1117 1786 fiant,
1152 1739 1189 1778 si
1215 1739 1257 1778 in
1280 1738 1528 1781 huiusmodi
1553 1742 1696 1797 suspi-

230 1826 578 1872 cioneminducti
593 1830 717 1873 sunt,
739 1818 939 1861 difficiles
967 1832 1017 1858 ac
1034 1819 1196 1858 morosi
1212 1817 1319 1858 etad
1334 1833 1403 1859 res
1417 1828 1590 1875 apertas
1617 1821 1697 1861 mi-

228 1912 432 1964 nimeque
466 1902 666 1946 insolitas
697 1902 758 1941 ita
789 1898 1103 1947 adhaerescanss
1146 1898 1270 1952 quasi
1300 1912 1533 1954 numquam
1565 1907 1697 1940 antea

230 1989 463 2047 quidquam
478 1980 884 2028 animadverterint,
907 1986 948 2018 et
963 1985 1107 2018 tamen
1123 1977 1254 2017 iidem
1270 1987 1471 2033 quantas,
1496 1986 1543 2018 ut
1557 1979 1698 2034 opini-

232 2082 338 2110 ones
363 2079 464 2107 suas
487 2069 817 2120 persequantur,
851 2065 1193 2099 commentorum
1216 2056 1536 2099 incredibilium
1557 2057 1697 2099 moles

229 2152 476 2189 exstruant.
551 2141 638 2182 Sed
677 2140 864 2194 primum
903 2137 968 2176 rei
1010 2134 1237 2176 historiam
1279 2150 1519 2176 narremus.
1581 2134 1697 2177 Nam

233 2239 366 2283 quum
391 2223 439 2264 F.
464 2219 518 2262 A.
537 2216 734 2261 wolfius
757 2224 902 2256 notam
923 2213 1047 2254 illam
1071 2222 1274 2269 quattuor
1297 2215 1542 2256 orationum
1570 2229 1697 2256 accu-

265 2371 294 2414 ¹)
332 2368 377 2402 ln
401 2365 543 2413 pusilla
576 2374 630 2404 re,
664 2360 731 2395 sed
755 2370 838 2406 quae
865 2358 905 2392 in
930 2357 1051 2405 prima
1075 2357 1166 2391 libri
1194 2358 1332 2405 pagina
1355 2359 1482 2405 posita
1511 2359 1576 2402 sit,
1609 2358 1696 2394 ‹lili-

329 2429 466 2477 gentiae
501 2425 597 2460 mihi
623 2421 886 2458 testimonium
923 2431 1098 2466 quoeram.
1145 2419 1240 2453 Nam
1267 2419 1416 2455 Orellio
1450 2421 1532 2455 haec
1560 2420 1696 2455 distin·

329 2492 406 2526 etio
434 2489 626 2536 displicet,
655 2498 728 2533 qua
754 2484 868 2518 etiam
894 2486 1003 2515 antea
1028 2492 1121 2514 usus
1148 2494 1254 2520 sum:
1293 2484 1430 2519 Omnes
1451 2485 1502 2524 lu',
1526 2496 1618 2532 quos
1639 2483 1694 2518 υἱ.

331 2556 429 2589 detz's
464 2553 611 2590 adesse,
647 2550 687 2584 in
722 2550 793 2581 hac
826 2557 945 2580 emesa
978 2545 1156 2578 inim-iam
1191 2557 1283 2579 novo
1318 2547 1458 2581 scelere
1489 2545 1696 2592 conflatam

328 2621 469 2662 putam
494 2617 664 2659 oportere
688 2609 848 2654 defendi
878 2606 999 2652 (vulg.
1026 2607 1160 2641 adesse
1184 2608 1225 2640 in
1250 2609 1321 2641 hac
1350 2620 1481 2647 causa,
1515 2605 1696 2640 iniuriam

334 2680 437 2721 eto).
485 2676 629 2710 Verum
653 2672 696 2706 in
719 2669 1044 2705 demonstratione
1069 2668 1339 2703 advocatorum
1361 2667 1608 2716 praesentium
1631 2665 1694 2701 his

331 2739 477 2775 ver-bist
519 2749 609 2785 qnos
647 2735 785 2769 vidctis
818 2733 951 2767 adesse
982 2730 1081 2764 nihil
1114 2729 1295 2777 languide
1328 2730 1520 2764 adhaerere
1555 2729 1695 2772 debet;

334 2800 436 2847 quod
463 2799 597 2833 Cicero
627 2795 737 2835 dicit,
763 2795 818 2828 sic
843 2793 996 2828 dilatari
1026 2796 1180 2838 potest.-
1209 2793 1250 2825 in
1277 2793 1348 2826 hac
1371 2804 1491 2826 causa
1513 2792 1694 2827 iniuriam

333 2865 454 2897 inesse
477 2864 617 2906 putant
643 2870 734 2894 novo
761 2859 898 2892 scelere
923 2855 1125 2902 conflatam
1149 2866 1302 2901 eamque
1326 2859 1498 2899 oportere
1525 2854 1693 2900 defendi.
