<?xml version="1.0" encoding="UTF-8"?>
<!DOCTYPE html PUBLIC "-//W3C//DTD XHTML 1.0 Transitional//EN"
    "http://www.w3.org/TR/xhtml1/DTD/xhtml1-transitional.dtd">
<html xmlns="http://www.w3.org/1999/xhtml" xml:lang="en" lang="en">
 <head>
  <title>
</title>
<meta http-equiv="Content-Type" content="text/html;charset=utf-8" />
  <meta name='ocr-system' content='tesseract 3.04.00' />
  <meta name='ocr-capabilities' content='ocr_page ocr_carea ocr_par ocr_line ocrx_word'/>
</head>
<body>
  <div class='ocr_page' id='page_1' title='image "./ionicolaimadvigi02madvuoft_0159.png"; bbox 0 0 1821 3309; ppageno 0'>
   <div class='ocr_carea' id='block_1_1' title="bbox 1451 226 1548 280">
    <p class='ocr_par' dir='ltr' id='par_1_1' title="bbox 1451 226 1548 280">
     <span class='ocr_line' id='line_1_1' title="bbox 1451 226 1548 280; baseline 0.021 -2"><span class='ocrx_word' id='word_1_1' title='bbox 1451 226 1548 280; x_wconf 76' lang='lat'><strong>147</strong></span> 
     </span>
    </p>
   </div>
   <div class='ocr_carea' id='block_1_2' title="bbox 124 366 1612 2878">
    <p class='ocr_par' dir='ltr' id='par_1_2' title="bbox 124 366 1612 2878">
     <span class='ocr_line' id='line_1_2' title="bbox 137 366 1612 427; baseline 0.009 -25"><span class='ocrx_word' id='word_1_2' title='bbox 137 376 270 418; x_wconf 87' lang='lat' dir='ltr'><strong>quum</strong></span> <span class='ocrx_word' id='word_1_3' title='bbox 301 377 454 406; x_wconf 90' lang='lat' dir='ltr'><strong>omnes</strong></span> <span class='ocrx_word' id='word_1_4' title='bbox 491 366 665 422; x_wconf 88' lang='lat' dir='ltr'><strong>quidem</strong></span> <span class='ocrx_word' id='word_1_5' title='bbox 701 366 857 409; x_wconf 66' lang='lat' dir='ltr'><strong>Atticae</strong></span> <span class='ocrx_word' id='word_1_6' title='bbox 894 366 1048 409; x_wconf 84' lang='lat' dir='ltr'><strong>incolae</strong></span> <span class='ocrx_word' id='word_1_7' title='bbox 1082 371 1155 409; x_wconf 88' lang='lat' dir='ltr'><strong>uni</strong></span> <span class='ocrx_word' id='word_1_8' title='bbox 1191 371 1376 425; x_wconf 88' lang='lat' dir='ltr'><strong>imperio</strong></span> <span class='ocrx_word' id='word_1_9' title='bbox 1408 382 1612 427; x_wconf 85' lang='lat' dir='ltr'><strong>parerent</strong></span> 
     </span>
     <span class='ocr_line' id='line_1_3' title="bbox 137 443 1610 500; baseline 0.007 -17"><span class='ocrx_word' id='word_1_10' title='bbox 137 456 355 499; x_wconf 86' lang='lat' dir='ltr'><strong>unamque</strong></span> <span class='ocrx_word' id='word_1_11' title='bbox 400 443 718 500; x_wconf 83' lang='lat' dir='ltr'>rempublicam</span> <span class='ocrx_word' id='word_1_12' title='bbox 762 444 1000 497; x_wconf 80' lang='lat' dir='ltr'><strong>haberent,</strong></span> <span class='ocrx_word' id='word_1_13' title='bbox 1053 449 1137 498; x_wconf 84' lang='lat' dir='ltr'><strong>(sic</strong></span> <span class='ocrx_word' id='word_1_14' title='bbox 1171 450 1287 488; x_wconf 88' lang='lat' dir='ltr'><strong>enim</strong></span> <span class='ocrx_word' id='word_1_15' title='bbox 1324 447 1480 491; x_wconf 89' lang='lat' dir='ltr'><strong>Cicero</strong></span> <span class='ocrx_word' id='word_1_16' title='bbox 1518 465 1610 493; x_wconf 89' lang='lat' dir='ltr'><strong>rem</strong></span> 
     </span>
     <span class='ocr_line' id='line_1_4' title="bbox 134 521 1612 582; baseline 0.005 -21"><span class='ocrx_word' id='word_1_17' title='bbox 134 522 282 562; x_wconf 84' lang='lat' dir='ltr'><strong>animo</strong></span> <span class='ocrx_word' id='word_1_18' title='bbox 324 521 598 577; x_wconf 82' lang='lat' dir='ltr'><strong>proponebat</strong></span> <span class='ocrx_word' id='word_1_19' title='bbox 637 538 820 581; x_wconf 86' lang='lat' dir='ltr'><strong>eamque</strong></span> <span class='ocrx_word' id='word_1_20' title='bbox 862 526 1077 567; x_wconf 87' lang='lat' dir='ltr'><strong>rationem</strong></span> <span class='ocrx_word' id='word_1_21' title='bbox 1122 535 1366 582; x_wconf 86' lang='lat' dir='ltr'><strong>sequuntur</strong></span> <span class='ocrx_word' id='word_1_22' title='bbox 1399 531 1612 570; x_wconf 85' lang='lat' dir='ltr'><strong>narratio·</strong></span> 
     </span>
     <span class='ocr_line' id='line_1_5' title="bbox 134 600 1610 662; baseline 0.005 -22"><span class='ocrx_word' id='word_1_23' title='bbox 134 613 211 641; x_wconf 88' lang='lat' dir='ltr'><strong>nes</strong></span> <span class='ocrx_word' id='word_1_24' title='bbox 258 600 312 642; x_wconf 91' lang='lat' dir='ltr'><strong>de</strong></span> <span class='ocrx_word' id='word_1_25' title='bbox 350 600 495 656; x_wconf 88' lang='lat' dir='ltr'><strong>AEgeo</strong></span> <span class='ocrx_word' id='word_1_26' title='bbox 539 611 582 644; x_wconf 90' lang='lat' dir='ltr'><strong>et</strong></span> <span class='ocrx_word' id='word_1_27' title='bbox 614 604 710 660; x_wconf 84' lang='lat' dir='ltr'><strong>ipso</strong></span> <span class='ocrx_word' id='word_1_28' title='bbox 742 603 956 657; x_wconf 82' lang='lat' dir='ltr'><strong>Theseo),</strong></span> <span class='ocrx_word' id='word_1_29' title='bbox 987 613 1117 660; x_wconf 87' lang='lat' dir='ltr'><strong>caput</strong></span> <span class='ocrx_word' id='word_1_30' title='bbox 1148 607 1280 647; x_wconf 90' lang='lat' dir='ltr'><strong>etiam</strong></span> <span class='ocrx_word' id='word_1_31' title='bbox 1314 606 1528 662; x_wconf 79' lang='lat' dir='ltr'><strong>quoddam</strong></span> <span class='ocrx_word' id='word_1_32' title='bbox 1568 618 1610 650; x_wconf 87' lang='lat' dir='ltr'><strong>et</strong></span> 
     </span>
     <span class='ocr_line' id='line_1_6' title="bbox 132 679 1611 744; baseline 0.006 -23"><span class='ocrx_word' id='word_1_33' title='bbox 132 679 282 722; x_wconf 82' lang='lat' dir='ltr'><strong>sedem</strong></span> <span class='ocrx_word' id='word_1_34' title='bbox 324 681 500 736; x_wconf 88' lang='lat' dir='ltr'><strong>imperii</strong></span> <span class='ocrx_word' id='word_1_35' title='bbox 545 681 770 736; x_wconf 80' lang='lat' dir='ltr'><strong>Athenas,</strong></span> <span class='ocrx_word' id='word_1_36' title='bbox 815 684 891 725; x_wconf 88' lang='lat' dir='ltr'><strong>sed</strong></span> <span class='ocrx_word' id='word_1_37' title='bbox 939 692 1086 726; x_wconf 90' lang='lat' dir='ltr'><strong>tamen</strong></span> <span class='ocrx_word' id='word_1_38' title='bbox 1130 699 1209 727; x_wconf 89' lang='lat' dir='ltr'><strong>sua</strong></span> <span class='ocrx_word' id='word_1_39' title='bbox 1244 687 1405 742; x_wconf 87' lang='lat' dir='ltr'><strong>quique</strong></span> <span class='ocrx_word' id='word_1_40' title='bbox 1437 687 1611 744; x_wconf 88' lang='lat' dir='ltr'><strong>oppida,</strong></span> 
     </span>
     <span class='ocr_line' id='line_1_7' title="bbox 131 761 1609 821; baseline 0.003 -16"><span class='ocrx_word' id='word_1_41' title='bbox 131 764 362 806; x_wconf 83' lang='lat' dir='ltr'><strong>duodecim</strong></span> <span class='ocrx_word' id='word_1_42' title='bbox 396 764 475 806; x_wconf 88' lang='lat' dir='ltr'><strong>illa</strong></span> <span class='ocrx_word' id='word_1_43' title='bbox 507 761 749 820; x_wconf 87' lang='lat' dir='ltr'><strong>Cecropia,</strong></span> <span class='ocrx_word' id='word_1_44' title='bbox 795 778 898 806; x_wconf 92' lang='lat' dir='ltr'><strong>suos</strong></span> <span class='ocrx_word' id='word_1_45' title='bbox 933 773 1107 815; x_wconf 86' lang='lat' dir='ltr'><strong>coetus,</strong></span> <span class='ocrx_word' id='word_1_46' title='bbox 1149 779 1251 806; x_wconf 85' lang='lat' dir='ltr'><strong>suas</strong></span> <span class='ocrx_word' id='word_1_47' title='bbox 1287 766 1498 821; x_wconf 86' lang='lat' dir='ltr'><strong>quasdam</strong></span> <span class='ocrx_word' id='word_1_48' title='bbox 1531 768 1609 809; x_wconf 88' lang='lat' dir='ltr'><strong>mi-</strong></span> 
     </span>
     <span class='ocr_line' id='line_1_8' title="bbox 132 840 1609 904; baseline 0.003 -18"><span class='ocrx_word' id='word_1_49' title='bbox 132 858 263 886; x_wconf 91' lang='lat' dir='ltr'><strong>nores</strong></span> <span class='ocrx_word' id='word_1_50' title='bbox 306 844 580 901; x_wconf 79' lang='lat' dir='ltr'><strong>respublicas</strong></span> <span class='ocrx_word' id='word_1_51' title='bbox 625 852 828 885; x_wconf 88' lang='lat' dir='ltr'><strong>tenerent</strong></span> <span class='ocrx_word' id='word_1_52' title='bbox 870 844 1141 899; x_wconf 74' lang='grc' dir='ltr'><em>(πρυτανεῖα</em></span> <span class='ocrx_word' id='word_1_53' title='bbox 1185 844 1257 888; x_wconf 80' lang='grc' dir='ltr'><strong>καὶ</strong></span> <span class='ocrx_word' id='word_1_54' title='bbox 1298 840 1609 904; x_wconf 73' lang='grc' dir='ltr'><em>βουλευτήρια</em></span> 
     </span>
     <span class='ocr_line' id='line_1_9' title="bbox 132 919 1608 981; baseline 0.001 -15"><span class='ocrx_word' id='word_1_55' title='bbox 132 922 206 966; x_wconf 80' lang='grc' dir='ltr'><strong>καὶ</strong></span> <span class='ocrx_word' id='word_1_56' title='bbox 237 919 399 981; x_wconf 69' lang='grc' dir='ltr'><em>ἀρχάς,</em></span> <span class='ocrx_word' id='word_1_57' title='bbox 453 938 547 980; x_wconf 84' lang='lat' dir='ltr'><strong>quae</strong></span> <span class='ocrx_word' id='word_1_58' title='bbox 578 922 754 964; x_wconf 83' lang='lat' dir='ltr'><strong>sublata</strong></span> <span class='ocrx_word' id='word_1_59' title='bbox 785 923 889 964; x_wconf 87' lang='lat' dir='ltr'><strong>dicit</strong></span> <span class='ocrx_word' id='word_1_60' title='bbox 919 923 1182 965; x_wconf 80' lang='lat' dir='ltr'>Plutarchus</span> <span class='ocrx_word' id='word_1_61' title='bbox 1221 923 1358 965; x_wconf 89' lang='lat' dir='ltr'><strong>Thes.</strong></span> <span class='ocrx_word' id='word_1_62' title='bbox 1390 927 1480 979; x_wconf 77' lang='lat'><strong>24).</strong></span> <span class='ocrx_word' id='word_1_63' title='bbox 1544 926 1608 968; x_wconf 92' lang='lat' dir='ltr'><strong>Eo</strong></span> 
     </span>
     <span class='ocr_line' id='line_1_10' title="bbox 132 1002 1611 1059; baseline 0.002 -16"><span class='ocrx_word' id='word_1_64' title='bbox 132 1004 268 1059; x_wconf 87' lang='lat' dir='ltr'><strong>igitur</strong></span> <span class='ocrx_word' id='word_1_65' title='bbox 299 1012 495 1058; x_wconf 85' lang='lat' dir='ltr'><strong>tempore</strong></span> <span class='ocrx_word' id='word_1_66' title='bbox 530 1002 660 1043; x_wconf 89' lang='lat' dir='ltr'><strong>iidem</strong></span> <span class='ocrx_word' id='word_1_67' title='bbox 694 1002 895 1042; x_wconf 79' lang='lat' dir='ltr'><strong>homines</strong></span> <span class='ocrx_word' id='word_1_68' title='bbox 927 1015 969 1042; x_wconf 89' lang='lat' dir='ltr'><strong>et</strong></span> <span class='ocrx_word' id='word_1_69' title='bbox 1003 1004 1293 1044; x_wconf 86' lang='lat' dir='ltr'><strong>communiter</strong></span> <span class='ocrx_word' id='word_1_70' title='bbox 1313 1003 1451 1044; x_wconf 84' lang='lat' dir='ltr'><strong>Attici</strong></span> <span class='ocrx_word' id='word_1_71' title='bbox 1486 1015 1611 1046; x_wconf 84' lang='lat' dir='ltr'><strong>erant</strong></span> 
     </span>
     <span class='ocr_line' id='line_1_11' title="bbox 131 1080 1610 1138; baseline 0.001 -14"><span class='ocrx_word' id='word_1_72' title='bbox 131 1083 236 1136; x_wconf 92' lang='lat' dir='ltr'><strong>(non</strong></span> <span class='ocrx_word' id='word_1_73' title='bbox 267 1081 588 1129; x_wconf 81' lang='lat' dir='ltr'><strong>Athenienses;</strong></span> <span class='ocrx_word' id='word_1_74' title='bbox 631 1095 728 1121; x_wconf 84' lang='lat' dir='ltr'><strong>nam</strong></span> <span class='ocrx_word' id='word_1_75' title='bbox 765 1080 847 1122; x_wconf 90' lang='lat' dir='ltr'><strong>hoc</strong></span> <span class='ocrx_word' id='word_1_76' title='bbox 877 1081 1109 1133; x_wconf 78' lang='lat' dir='ltr'><strong>dissimile,</strong></span> <span class='ocrx_word' id='word_1_77' title='bbox 1156 1083 1270 1138; x_wconf 93' lang='lat' dir='ltr'><strong>quod</strong></span> <span class='ocrx_word' id='word_1_78' title='bbox 1302 1082 1490 1124; x_wconf 78' lang='lat' dir='ltr'><strong>Athenae</strong></span> <span class='ocrx_word' id='word_1_79' title='bbox 1523 1099 1610 1126; x_wconf 87' lang='lat' dir='ltr'><strong>non</strong></span> 
     </span>
     <span class='ocr_line' id='line_1_12' title="bbox 131 1160 1609 1218; baseline 0.001 -15"><span class='ocrx_word' id='word_1_80' title='bbox 131 1175 285 1203; x_wconf 88' lang='lat' dir='ltr'><strong>omnes</strong></span> <span class='ocrx_word' id='word_1_81' title='bbox 315 1176 395 1203; x_wconf 89' lang='lat' dir='ltr'><strong>sua</strong></span> <span class='ocrx_word' id='word_1_82' title='bbox 426 1162 606 1202; x_wconf 79' lang='lat' dir='ltr'><strong>civitate</strong></span> <span class='ocrx_word' id='word_1_83' title='bbox 638 1160 1104 1216; x_wconf 85' lang='lat' dir='ltr'><strong>comprehendebant,)</strong></span> <span class='ocrx_word' id='word_1_84' title='bbox 1140 1171 1183 1203; x_wconf 90' lang='lat' dir='ltr'><strong>et</strong></span> <span class='ocrx_word' id='word_1_85' title='bbox 1215 1164 1451 1218; x_wconf 82' lang='lat' dir='ltr'><strong>separatim</strong></span> <span class='ocrx_word' id='word_1_86' title='bbox 1484 1178 1609 1205; x_wconf 86' lang='lat' dir='ltr'><strong>suam</strong></span> 
     </span>
     <span class='ocr_line' id='line_1_13' title="bbox 131 1240 1608 1298; baseline 0.002 -16"><span class='ocrx_word' id='word_1_87' title='bbox 131 1242 293 1298; x_wconf 87' lang='lat' dir='ltr'><strong>quique</strong></span> <span class='ocrx_word' id='word_1_88' title='bbox 322 1242 534 1282; x_wconf 80' lang='lat' dir='ltr'><strong>minorem</strong></span> <span class='ocrx_word' id='word_1_89' title='bbox 573 1242 758 1295; x_wconf 81' lang='lat' dir='ltr'><strong>patriam</strong></span> <span class='ocrx_word' id='word_1_90' title='bbox 793 1240 1031 1293; x_wconf 83' lang='lat' dir='ltr'><strong>habebant,</strong></span> <span class='ocrx_word' id='word_1_91' title='bbox 1061 1242 1427 1298; x_wconf 80' lang='lat' dir='ltr'><strong>quemadmodum</strong></span> <span class='ocrx_word' id='word_1_92' title='bbox 1452 1241 1608 1285; x_wconf 87' lang='lat' dir='ltr'><strong>Cicero</strong></span> 
     </span>
     <span class='ocr_line' id='line_1_14' title="bbox 131 1319 1608 1377; baseline 0.001 -15"><span class='ocrx_word' id='word_1_93' title='bbox 131 1328 174 1362; x_wconf 89' lang='lat' dir='ltr'><strong>et</strong></span> <span class='ocrx_word' id='word_1_94' title='bbox 203 1320 429 1362; x_wconf 89' lang='lat' dir='ltr'><strong>Romanus</strong></span> <span class='ocrx_word' id='word_1_95' title='bbox 476 1329 569 1361; x_wconf 84' lang='lat' dir='ltr'><strong>erat</strong></span> <span class='ocrx_word' id='word_1_96' title='bbox 615 1329 658 1361; x_wconf 92' lang='lat' dir='ltr'><strong>et</strong></span> <span class='ocrx_word' id='word_1_97' title='bbox 701 1319 909 1377; x_wconf 83' lang='lat' dir='ltr'><strong>Arpinas.</strong></span> <span class='ocrx_word' id='word_1_98' title='bbox 979 1321 1077 1363; x_wconf 85' lang='lat' dir='ltr'><strong>Hoc</strong></span> <span class='ocrx_word' id='word_1_99' title='bbox 1120 1337 1144 1363; x_wconf 86' lang='lat' dir='ltr'><strong>a</strong></span> <span class='ocrx_word' id='word_1_100' title='bbox 1190 1321 1404 1363; x_wconf 83' lang='lat' dir='ltr'><strong>Cicerone</strong></span> <span class='ocrx_word' id='word_1_101' title='bbox 1445 1323 1608 1364; x_wconf 89' lang='lat' dir='ltr'><strong>dictum</strong></span> 
     </span>
     <span class='ocr_line' id='line_1_15' title="bbox 130 1399 1609 1455; baseline 0.001 -14"><span class='ocrx_word' id='word_1_102' title='bbox 130 1413 229 1441; x_wconf 88' lang='lat' dir='ltr'><strong>esse</strong></span> <span class='ocrx_word' id='word_1_103' title='bbox 261 1408 465 1455; x_wconf 83' lang='lat' dir='ltr'><strong>apparet;</strong></span> <span class='ocrx_word' id='word_1_104' title='bbox 513 1408 555 1440; x_wconf 91' lang='lat' dir='ltr'><strong>et</strong></span> <span class='ocrx_word' id='word_1_105' title='bbox 585 1399 726 1441; x_wconf 87' lang='lat' dir='ltr'><strong>forma</strong></span> <span class='ocrx_word' id='word_1_106' title='bbox 758 1401 932 1455; x_wconf 88' lang='lat' dir='ltr'><strong>quidem</strong></span> <span class='ocrx_word' id='word_1_107' title='bbox 966 1403 1179 1442; x_wconf 85' lang='lat' dir='ltr'><strong>orationis</strong></span> <span class='ocrx_word' id='word_1_108' title='bbox 1208 1416 1294 1442; x_wconf 93' lang='lat' dir='ltr'><strong>non</strong></span> <span class='ocrx_word' id='word_1_109' title='bbox 1325 1399 1512 1443; x_wconf 84' lang='lat' dir='ltr'><strong>obscura</strong></span> <span class='ocrx_word' id='word_1_110' title='bbox 1543 1411 1609 1443; x_wconf 88' lang='lat' dir='ltr'><strong>est</strong></span> 
     </span>
     <span class='ocr_line' id='line_1_16' title="bbox 129 1478 1608 1536; baseline 0.001 -16"><span class='ocrx_word' id='word_1_111' title='bbox 129 1480 173 1520; x_wconf 92' lang='lat' dir='ltr'><strong>in</strong></span> <span class='ocrx_word' id='word_1_112' title='bbox 206 1478 275 1520; x_wconf 88' lang='lat' dir='ltr'><strong>his</strong></span> <span class='ocrx_word' id='word_1_113' title='bbox 309 1478 441 1519; x_wconf 68' lang='lat' dir='ltr'><strong>iidem</strong></span> <span class='ocrx_word' id='word_1_114' title='bbox 477 1484 518 1518; x_wconf 80' lang='lat' dir='ltr'><strong>el</strong></span> <span class='ocrx_word' id='word_1_115' title='bbox 552 1478 729 1527; x_wconf 44' lang='lat' dir='ltr'><strong>Attice}</strong></span> <span class='ocrx_word' id='word_1_116' title='bbox 759 1480 906 1533; x_wconf 87' lang='lat' dir='ltr'><strong>priora</strong></span> <span class='ocrx_word' id='word_1_117' title='bbox 936 1481 1084 1521; x_wconf 88' lang='lat' dir='ltr'><strong>insunt</strong></span> <span class='ocrx_word' id='word_1_118' title='bbox 1114 1483 1155 1521; x_wconf 88' lang='lat' dir='ltr'><strong>iu</strong></span> <span class='ocrx_word' id='word_1_119' title='bbox 1183 1479 1323 1521; x_wconf 86' lang='lat' dir='ltr'><strong>literis</strong></span> <span class='ocrx_word' id='word_1_120' title='bbox 1355 1480 1608 1536; x_wconf 72' lang='lat' dir='ltr'><strong>sympleran-</strong></span> 
     </span>
     <span class='ocr_line' id='line_1_17' title="bbox 132 1557 1606 1613; baseline 0.002 -15"><span class='ocrx_word' id='word_1_121' title='bbox 132 1557 292 1608; x_wconf 74' lang='lat' dir='ltr'><strong>tidem,</strong></span> <span class='ocrx_word' id='word_1_122' title='bbox 335 1558 419 1598; x_wconf 90' lang='lat' dir='ltr'><strong>nisi</strong></span> <span class='ocrx_word' id='word_1_123' title='bbox 451 1557 564 1613; x_wconf 92' lang='lat' dir='ltr'><strong>quod</strong></span> <span class='ocrx_word' id='word_1_124' title='bbox 598 1557 729 1598; x_wconf 72' lang='lat' dir='ltr'><strong>iidem</strong></span> <span class='ocrx_word' id='word_1_125' title='bbox 764 1559 849 1600; x_wconf 83' lang='lat' dir='ltr'><strong>iam</strong></span> <span class='ocrx_word' id='word_1_126' title='bbox 885 1559 984 1601; x_wconf 91' lang='lat' dir='ltr'><strong>inde</strong></span> <span class='ocrx_word' id='word_1_127' title='bbox 1016 1559 1277 1600; x_wconf 89' lang='lat' dir='ltr'><strong>dissolutum</strong></span> <span class='ocrx_word' id='word_1_128' title='bbox 1311 1568 1391 1601; x_wconf 86' lang='lat' dir='ltr'><strong>est.</strong></span> <span class='ocrx_word' id='word_1_129' title='bbox 1455 1559 1606 1602; x_wconf 86' lang='lat' dir='ltr'><strong>Facile</strong></span> 
     </span>
     <span class='ocr_line' id='line_1_18' title="bbox 129 1636 1608 1695; baseline 0.001 -17"><span class='ocrx_word' id='word_1_130' title='bbox 129 1646 274 1678; x_wconf 89' lang='lat' dir='ltr'><strong>tamen</strong></span> <span class='ocrx_word' id='word_1_131' title='bbox 304 1636 544 1692; x_wconf 78' lang='lat' dir='ltr'><strong>expeditur</strong></span> <span class='ocrx_word' id='word_1_132' title='bbox 577 1636 756 1678; x_wconf 83' lang='lat' dir='ltr'><strong>verbum</strong></span> <span class='ocrx_word' id='word_1_133' title='bbox 792 1653 969 1694; x_wconf 89' lang='lat' dir='ltr'><strong>prorsus</strong></span> <span class='ocrx_word' id='word_1_134' title='bbox 1006 1641 1319 1691; x_wconf 83' lang='lat' dir='ltr'><strong>necessarium,</strong></span> <span class='ocrx_word' id='word_1_135' title='bbox 1363 1640 1487 1680; x_wconf 89' lang='lat' dir='ltr'><strong>cuius</strong></span> <span class='ocrx_word' id='word_1_136' title='bbox 1518 1640 1608 1695; x_wconf 89' lang='lat' dir='ltr'><strong>pri-</strong></span> 
     </span>
     <span class='ocr_line' id='line_1_19' title="bbox 128 1715 1605 1775; baseline 0 -16"><span class='ocrx_word' id='word_1_137' title='bbox 128 1731 199 1759; x_wconf 86' lang='lat' dir='ltr'><strong>ma</strong></span> <span class='ocrx_word' id='word_1_138' title='bbox 231 1725 400 1758; x_wconf 89' lang='lat' dir='ltr'><strong>tantum</strong></span> <span class='ocrx_word' id='word_1_139' title='bbox 433 1715 582 1757; x_wconf 86' lang='lat' dir='ltr'><strong>littera</strong></span> <span class='ocrx_word' id='word_1_140' title='bbox 615 1716 763 1767; x_wconf 84' lang='lat' dir='ltr'><strong>deest,</strong></span> <span class='ocrx_word' id='word_1_141' title='bbox 807 1723 961 1765; x_wconf 79' lang='lat' dir='ltr'><strong>eranl3</strong></span> <span class='ocrx_word' id='word_1_142' title='bbox 1005 1719 1048 1758; x_wconf 88' lang='lat' dir='ltr'><strong>in</strong></span> <span class='ocrx_word' id='word_1_143' title='bbox 1092 1718 1242 1760; x_wconf 87' lang='lat' dir='ltr'><strong>codice</strong></span> <span class='ocrx_word' id='word_1_144' title='bbox 1276 1719 1452 1775; x_wconf 88' lang='lat' dir='ltr'><strong>quidem</strong></span> <span class='ocrx_word' id='word_1_145' title='bbox 1483 1718 1605 1760; x_wconf 87' lang='lat' dir='ltr'><strong>Hau-</strong></span> 
     </span>
     <span class='ocr_line' id='line_1_20' title="bbox 128 1793 1606 1853; baseline 0 -16"><span class='ocrx_word' id='word_1_146' title='bbox 128 1796 270 1837; x_wconf 84' lang='lat' dir='ltr'><strong>niensi</strong></span> <span class='ocrx_word' id='word_1_147' title='bbox 310 1793 441 1850; x_wconf 89' lang='lat' dir='ltr'><strong>plane</strong></span> <span class='ocrx_word' id='word_1_148' title='bbox 473 1796 766 1851; x_wconf 86' lang='lat' dir='ltr'><strong>perscriptum</strong></span> <span class='ocrx_word' id='word_1_149' title='bbox 802 1804 892 1846; x_wconf 89' lang='lat' dir='ltr'><strong>est,</strong></span> <span class='ocrx_word' id='word_1_150' title='bbox 939 1797 1052 1852; x_wconf 86' lang='lat' dir='ltr'><strong>quod</strong></span> <span class='ocrx_word' id='word_1_151' title='bbox 1087 1797 1217 1853; x_wconf 89' lang='lat' dir='ltr'><strong>quale</strong></span> <span class='ocrx_word' id='word_1_152' title='bbox 1250 1799 1335 1847; x_wconf 88' lang='lat' dir='ltr'><strong>sit,</strong></span> <span class='ocrx_word' id='word_1_153' title='bbox 1369 1796 1606 1853; x_wconf 77' lang='lat' dir='ltr'><strong>intelliget,</strong></span> 
     </span>
     <span class='ocr_line' id='line_1_21' title="bbox 125 1873 1606 1932; baseline 0.001 -16"><span class='ocrx_word' id='word_1_154' title='bbox 125 1876 200 1932; x_wconf 92' lang='lat' dir='ltr'><strong>qui</strong></span> <span class='ocrx_word' id='word_1_155' title='bbox 231 1874 610 1923; x_wconf 84' lang='lat' dir='ltr'><strong>animadverterit,</strong></span> <span class='ocrx_word' id='word_1_156' title='bbox 643 1875 685 1915; x_wconf 92' lang='lat' dir='ltr'><strong>in</strong></span> <span class='ocrx_word' id='word_1_157' title='bbox 715 1873 814 1916; x_wconf 85' lang='lat' dir='ltr'><strong>aliis</strong></span> <span class='ocrx_word' id='word_1_158' title='bbox 843 1875 966 1916; x_wconf 91' lang='lat' dir='ltr'><strong>codd.</strong></span> <span class='ocrx_word' id='word_1_159' title='bbox 1000 1875 1131 1917; x_wconf 87' lang='lat' dir='ltr'><strong>scribi</strong></span> <span class='ocrx_word' id='word_1_160' title='bbox 1161 1875 1606 1930; x_wconf 64' lang='grc' dir='ltr'><strong>εμι]ζ1νιι)ιίιί1ε’11ι,1ἰῑ-</strong></span> 
     </span>
     <span class='ocr_line' id='line_1_22' title="bbox 126 1954 1605 2012; baseline 0.001 -16"><span class='ocrx_word' id='word_1_161' title='bbox 126 1963 220 1996; x_wconf 90' lang='lat' dir='ltr'><strong>tera</strong></span> <span class='ocrx_word' id='word_1_162' title='bbox 251 1954 320 2003; x_wconf 86' lang='lat' dir='ltr'><strong>F;</strong></span> <span class='ocrx_word' id='word_1_163' title='bbox 363 1968 415 1994; x_wconf 89' lang='lat' dir='ltr'><strong>ea</strong></span> <span class='ocrx_word' id='word_1_164' title='bbox 455 1968 587 2008; x_wconf 89' lang='lat' dir='ltr'><strong>quum</strong></span> <span class='ocrx_word' id='word_1_165' title='bbox 624 1963 739 1994; x_wconf 86' lang='lat' dir='ltr'><strong>esset</strong></span> <span class='ocrx_word' id='word_1_166' title='bbox 771 1963 866 1995; x_wconf 86' lang='lat' dir='ltr'><strong>orta</strong></span> <span class='ocrx_word' id='word_1_167' title='bbox 901 1968 959 1995; x_wconf 81' lang='lat' dir='ltr'><strong>ex</strong></span> <span class='ocrx_word' id='word_1_168' title='bbox 982 1954 1032 2006; x_wconf 78' lang='lat' dir='ltr'><strong>E,</strong></span> <span class='ocrx_word' id='word_1_169' title='bbox 1062 1957 1182 2011; x_wconf 89' lang='lat' dir='ltr'><strong>prius</strong></span> <span class='ocrx_word' id='word_1_170' title='bbox 1215 1955 1321 1996; x_wconf 91' lang='lat' dir='ltr'><strong>illud</strong></span> <span class='ocrx_word' id='word_1_171' title='bbox 1352 1970 1459 2010; x_wconf 77' lang='lat' dir='ltr'><strong>sym,</strong></span> <span class='ocrx_word' id='word_1_172' title='bbox 1491 1957 1605 2012; x_wconf 89' lang='lat' dir='ltr'><strong>quod</strong></span> 
     </span>
     <span class='ocr_line' id='line_1_23' title="bbox 126 2031 1604 2083; baseline 0.001 -8"><span class='ocrx_word' id='word_1_173' title='bbox 126 2032 280 2075; x_wconf 85' lang='lat' dir='ltr'><strong>Graece</strong></span> <span class='ocrx_word' id='word_1_174' title='bbox 311 2046 470 2073; x_wconf 85' lang='lat' dir='ltr'><strong>sonare</strong></span> <span class='ocrx_word' id='word_1_175' title='bbox 503 2031 766 2083; x_wconf 73' lang='lat' dir='ltr'><strong>videbatur,</strong></span> <span class='ocrx_word' id='word_1_176' title='bbox 812 2031 1008 2076; x_wconf 83' lang='lat' dir='ltr'><strong>Graecam</strong></span> <span class='ocrx_word' id='word_1_177' title='bbox 1054 2034 1245 2076; x_wconf 82' lang='lat' dir='ltr'><strong>litteram</strong></span> <span class='ocrx_word' id='word_1_178' title='bbox 1275 2043 1317 2076; x_wconf 89' lang='lat' dir='ltr'><strong>et</strong></span> <span class='ocrx_word' id='word_1_179' title='bbox 1361 2043 1604 2076; x_wconf 88' lang='lat' dir='ltr'><strong>monstrum</strong></span> 
     </span>
     <span class='ocr_line' id='line_1_24' title="bbox 126 2111 1603 2170; baseline 0 -15"><span class='ocrx_word' id='word_1_180' title='bbox 126 2111 330 2155; x_wconf 82' lang='lat' dir='ltr'><strong>vocabuli</strong></span> <span class='ocrx_word' id='word_1_181' title='bbox 359 2113 526 2168; x_wconf 88' lang='lat' dir='ltr'><strong>genuit.</strong></span> <span class='ocrx_word' id='word_1_182' title='bbox 586 2111 739 2153; x_wconf 82' lang='lat' dir='ltr'><strong>Restat</strong></span> <span class='ocrx_word' id='word_1_183' title='bbox 770 2126 822 2153; x_wconf 88' lang='lat' dir='ltr'><strong>ea</strong></span> <span class='ocrx_word' id='word_1_184' title='bbox 853 2112 1111 2169; x_wconf 84' lang='lat' dir='ltr'><strong>appellatio,</strong></span> <span class='ocrx_word' id='word_1_185' title='bbox 1144 2128 1238 2170; x_wconf 82' lang='lat' dir='ltr'><strong>quae</strong></span> <span class='ocrx_word' id='word_1_186' title='bbox 1263 2115 1481 2155; x_wconf 88' lang='lat' dir='ltr'><strong>contraria</strong></span> <span class='ocrx_word' id='word_1_187' title='bbox 1506 2127 1603 2155; x_wconf 87' lang='lat' dir='ltr'><strong>esse</strong></span> 
     </span>
     <span class='ocr_line' id='line_1_25' title="bbox 124 2189 1605 2250; baseline -0.001 -15"><span class='ocrx_word' id='word_1_188' title='bbox 124 2191 256 2235; x_wconf 89' lang='lat' dir='ltr'><strong>debet</strong></span> <span class='ocrx_word' id='word_1_189' title='bbox 286 2192 506 2234; x_wconf 90' lang='lat' dir='ltr'><strong>communi</strong></span> <span class='ocrx_word' id='word_1_190' title='bbox 530 2189 777 2233; x_wconf 84' lang='lat' dir='ltr'><strong>Atticorum</strong></span> <span class='ocrx_word' id='word_1_191' title='bbox 804 2194 984 2244; x_wconf 87' lang='lat' dir='ltr'><strong>nomini,</strong></span> <span class='ocrx_word' id='word_1_192' title='bbox 1020 2208 1099 2249; x_wconf 90' lang='lat' dir='ltr'><strong>pro</strong></span> <span class='ocrx_word' id='word_1_193' title='bbox 1134 2208 1218 2250; x_wconf 80' lang='lat' dir='ltr'><strong>qua</strong></span> <span class='ocrx_word' id='word_1_194' title='bbox 1245 2194 1417 2235; x_wconf 89' lang='lat' dir='ltr'><strong>codices</strong></span> <span class='ocrx_word' id='word_1_195' title='bbox 1441 2192 1605 2234; x_wconf 86' lang='lat' dir='ltr'><strong>babent</strong></span> 
     </span>
     <span class='ocr_line' id='line_1_26' title="bbox 124 2268 1605 2327; baseline 0 -15"><span class='ocrx_word' id='word_1_196' title='bbox 124 2284 241 2326; x_wconf 75' lang='lat' dir='ltr'><strong>sym,</strong></span> <span class='ocrx_word' id='word_1_197' title='bbox 277 2274 384 2322; x_wconf 77' lang='lat' dir='ltr'><strong>sim,</strong></span> <span class='ocrx_word' id='word_1_198' title='bbox 413 2268 533 2319; x_wconf 88' lang='lat' dir='ltr'><strong>alia,</strong></span> <span class='ocrx_word' id='word_1_199' title='bbox 569 2269 841 2312; x_wconf 87' lang='lat' dir='ltr'><strong>Hauniensis</strong></span> <span class='ocrx_word' id='word_1_200' title='bbox 877 2275 987 2312; x_wconf 72' lang='lat' dir='ltr'><strong>se‘m‘s</strong></span> <span class='ocrx_word' id='word_1_201' title='bbox 1021 2273 1084 2326; x_wconf 89' lang='lat' dir='ltr'><strong>(ut</strong></span> <span class='ocrx_word' id='word_1_202' title='bbox 1116 2273 1323 2327; x_wconf 71' lang='lat' dir='ltr'><strong>videtur).</strong></span> <span class='ocrx_word' id='word_1_203' title='bbox 1389 2272 1455 2314; x_wconf 86' lang='lat' dir='ltr'><strong>Ac</strong></span> <span class='ocrx_word' id='word_1_204' title='bbox 1490 2270 1605 2313; x_wconf 89' lang='lat' dir='ltr'><strong>Tur-</strong></span> 
     </span>
     <span class='ocr_line' id='line_1_27' title="bbox 130 2348 1604 2408; baseline 0.001 -18"><span class='ocrx_word' id='word_1_205' title='bbox 130 2348 233 2390; x_wconf 89' lang='lat' dir='ltr'><strong>nebi</strong></span> <span class='ocrx_word' id='word_1_206' title='bbox 282 2349 458 2405; x_wconf 87' lang='lat' dir='ltr'><strong>quidem</strong></span> <span class='ocrx_word' id='word_1_207' title='bbox 505 2351 781 2401; x_wconf 85' lang='lat' dir='ltr'><strong>coniectura,</strong></span> <span class='ocrx_word' id='word_1_208' title='bbox 829 2352 903 2407; x_wconf 91' lang='lat' dir='ltr'><strong>qui</strong></span> <span class='ocrx_word' id='word_1_209' title='bbox 937 2349 1073 2393; x_wconf 71' lang='lat' dir='ltr'><strong>Sunii</strong></span> <span class='ocrx_word' id='word_1_210' title='bbox 1099 2353 1300 2408; x_wconf 86' lang='lat' dir='ltr'><strong>scripsit,</strong></span> <span class='ocrx_word' id='word_1_211' title='bbox 1342 2367 1429 2393; x_wconf 90' lang='lat' dir='ltr'><strong>non</strong></span> <span class='ocrx_word' id='word_1_212' title='bbox 1460 2350 1604 2392; x_wconf 90' lang='lat' dir='ltr'><strong>solum</strong></span> 
     </span>
     <span class='ocr_line' id='line_1_28' title="bbox 129 2427 1604 2483; baseline 0 -15"><span class='ocrx_word' id='word_1_213' title='bbox 129 2427 314 2469; x_wconf 84' lang='lat' dir='ltr'><strong>formam</strong></span> <span class='ocrx_word' id='word_1_214' title='bbox 360 2428 551 2468; x_wconf 89' lang='lat' dir='ltr'><strong>nominis</strong></span> <span class='ocrx_word' id='word_1_215' title='bbox 592 2442 773 2483; x_wconf 86' lang='lat' dir='ltr'><strong>pravam</strong></span> <span class='ocrx_word' id='word_1_216' title='bbox 819 2427 951 2470; x_wconf 82' lang='lat' dir='ltr'><strong>habet</strong></span> <span class='ocrx_word' id='word_1_217' title='bbox 994 2430 1254 2482; x_wconf 83' lang='lat' dir='ltr'><strong>(Sunienses</strong></span> <span class='ocrx_word' id='word_1_218' title='bbox 1292 2431 1408 2470; x_wconf 90' lang='lat' dir='ltr'><strong>enim</strong></span> <span class='ocrx_word' id='word_1_219' title='bbox 1441 2430 1604 2480; x_wconf 81' lang='lat' dir='ltr'><strong>erant),</strong></span> 
     </span>
     <span class='ocr_line' id='line_1_29' title="bbox 130 2506 1606 2560; baseline 0 -13"><span class='ocrx_word' id='word_1_220' title='bbox 130 2506 206 2547; x_wconf 88' lang='lat' dir='ltr'><strong>sed</strong></span> <span class='ocrx_word' id='word_1_221' title='bbox 239 2506 528 2553; x_wconf 84' lang='lat' dir='ltr'><strong>sententiam3</strong></span> <span class='ocrx_word' id='word_1_222' title='bbox 573 2519 715 2560; x_wconf 88' lang='lat' dir='ltr'><strong>neque</strong></span> <span class='ocrx_word' id='word_1_223' title='bbox 747 2507 862 2547; x_wconf 88' lang='lat' dir='ltr'><strong>enim</strong></span> <span class='ocrx_word' id='word_1_224' title='bbox 897 2521 1049 2548; x_wconf 84' lang='lat' dir='ltr'><strong>omnes</strong></span> <span class='ocrx_word' id='word_1_225' title='bbox 1084 2506 1221 2548; x_wconf 81' lang='lat' dir='ltr'><strong>Attici</strong></span> <span class='ocrx_word' id='word_1_226' title='bbox 1253 2507 1385 2549; x_wconf 87' lang='lat' dir='ltr'><strong>simul</strong></span> <span class='ocrx_word' id='word_1_227' title='bbox 1418 2507 1606 2549; x_wconf 86' lang='lat' dir='ltr'><strong>Sunien-</strong></span> 
     </span>
     <span class='ocr_line' id='line_1_30' title="bbox 129 2583 1606 2642; baseline 0 -16"><span class='ocrx_word' id='word_1_228' title='bbox 129 2598 201 2626; x_wconf 89' lang='lat' dir='ltr'><strong>ses</strong></span> <span class='ocrx_word' id='word_1_229' title='bbox 230 2592 368 2634; x_wconf 87' lang='lat' dir='ltr'><strong>erant,</strong></span> <span class='ocrx_word' id='word_1_230' title='bbox 401 2584 477 2625; x_wconf 83' lang='lat' dir='ltr'><strong>sed</strong></span> <span class='ocrx_word' id='word_1_231' title='bbox 511 2583 589 2625; x_wconf 79' lang='lat' dir='ltr'><strong>alii</strong></span> <span class='ocrx_word' id='word_1_232' title='bbox 621 2583 891 2626; x_wconf 83' lang='lat' dir='ltr'><strong>Marathonii</strong></span> <span class='ocrx_word' id='word_1_233' title='bbox 927 2593 969 2626; x_wconf 91' lang='lat' dir='ltr'><strong>et</strong></span> <span class='ocrx_word' id='word_1_234' title='bbox 1000 2586 1062 2627; x_wconf 89' lang='lat' dir='ltr'><strong>sic</strong></span> <span class='ocrx_word' id='word_1_235' title='bbox 1094 2600 1238 2641; x_wconf 86' lang='lat' dir='ltr'><strong>porro.</strong></span> <span class='ocrx_word' id='word_1_236' title='bbox 1309 2586 1437 2636; x_wconf 82' lang='lat' dir='ltr'><strong>Quod</strong></span> <span class='ocrx_word' id='word_1_237' title='bbox 1474 2600 1606 2642; x_wconf 91' lang='lat' dir='ltr'><strong>quum</strong></span> 
     </span>
     <span class='ocr_line' id='line_1_31' title="bbox 130 2661 1607 2721; baseline 0.001 -17"><span class='ocrx_word' id='word_1_238' title='bbox 130 2662 403 2720; x_wconf 85' lang='lat' dir='ltr'><strong>intelligeret</strong></span> <span class='ocrx_word' id='word_1_239' title='bbox 421 2661 636 2714; x_wconf 88' lang='lat' dir='ltr'><strong>Orellius,</strong></span> <span class='ocrx_word' id='word_1_240' title='bbox 672 2662 838 2705; x_wconf 85' lang='lat' dir='ltr'><strong>nullam</strong></span> <span class='ocrx_word' id='word_1_241' title='bbox 874 2672 1017 2705; x_wconf 85' lang='lat' dir='ltr'><strong>tamen</strong></span> <span class='ocrx_word' id='word_1_242' title='bbox 1052 2663 1378 2720; x_wconf 88' lang='lat' dir='ltr'><strong>probabilitatis</strong></span> <span class='ocrx_word' id='word_1_243' title='bbox 1414 2666 1607 2721; x_wconf 88' lang='lat' dir='ltr'><strong>speciem</strong></span> 
     </span>
     <span class='ocr_line' id='line_1_32' title="bbox 129 2741 1606 2799; baseline 0.001 -18"><span class='ocrx_word' id='word_1_244' title='bbox 129 2755 343 2797; x_wconf 85' lang='lat' dir='ltr'><strong>sequens,</strong></span> <span class='ocrx_word' id='word_1_245' title='bbox 393 2743 457 2783; x_wconf 91' lang='lat' dir='ltr'><strong>sic</strong></span> <span class='ocrx_word' id='word_1_246' title='bbox 501 2743 593 2784; x_wconf 84' lang='lat' dir='ltr'><strong>fere</strong></span> <span class='ocrx_word' id='word_1_247' title='bbox 639 2741 771 2784; x_wconf 90' lang='lat' dir='ltr'><strong>scribi</strong></span> <span class='ocrx_word' id='word_1_248' title='bbox 819 2758 946 2799; x_wconf 85' lang='lat' dir='ltr'><strong>posse</strong></span> <span class='ocrx_word' id='word_1_249' title='bbox 993 2744 1187 2799; x_wconf 81' lang='lat' dir='ltr'><strong>putavit:</strong></span> <span class='ocrx_word' id='word_1_250' title='bbox 1232 2748 1275 2785; x_wconf 80' lang='lat' dir='ltr'><strong>el</strong></span> <span class='ocrx_word' id='word_1_251' title='bbox 1305 2742 1533 2785; x_wconf 73' lang='lat' dir='ltr'><strong>Eleusz&#39;m‘c&#39;</strong></span> <span class='ocrx_word' id='word_1_252' title='bbox 1564 2749 1606 2783; x_wconf 78' lang='lat' dir='ltr'><strong>el</strong></span> 
     </span>
     <span class='ocr_line' id='line_1_33' title="bbox 131 2818 1606 2878; baseline 0.001 -18"><span class='ocrx_word' id='word_1_253' title='bbox 131 2818 416 2871; x_wconf 65' lang='lat' dir='ltr'><strong>Rhammastt,</strong></span> <span class='ocrx_word' id='word_1_254' title='bbox 458 2836 508 2863; x_wconf 88' lang='lat' dir='ltr'><strong>ac</strong></span> <span class='ocrx_word' id='word_1_255' title='bbox 540 2830 752 2878; x_wconf 83' lang='lat' dir='ltr'><strong>praeterea</strong></span> <span class='ocrx_word' id='word_1_256' title='bbox 782 2824 827 2864; x_wconf 90' lang='lat' dir='ltr'><strong>in</strong></span> <span class='ocrx_word' id='word_1_257' title='bbox 857 2822 972 2864; x_wconf 90' lang='lat' dir='ltr'><strong>idem</strong></span> <span class='ocrx_word' id='word_1_258' title='bbox 1007 2823 1160 2865; x_wconf 79' lang='lat' dir='ltr'><strong>vitium</strong></span> <span class='ocrx_word' id='word_1_259' title='bbox 1194 2825 1424 2865; x_wconf 85' lang='lat' dir='ltr'><strong>sententiae</strong></span> <span class='ocrx_word' id='word_1_260' title='bbox 1457 2830 1606 2878; x_wconf 87' lang='lat' dir='ltr'><strong>aperte</strong></span> 
     </span>
    </p>
   </div>
   <div class='ocr_carea' id='block_1_3' title="bbox 129 2898 1606 3018">
    <p class='ocr_par' dir='ltr' id='par_1_3' title="bbox 129 2898 1606 3018">
     <span class='ocr_line' id='line_1_34' title="bbox 129 2898 1606 2959; baseline 0.001 -20"><span class='ocrx_word' id='word_1_261' title='bbox 129 2898 310 2951; x_wconf 82' lang='lat' dir='ltr'><strong>incidit3</strong></span> <span class='ocrx_word' id='word_1_262' title='bbox 343 2898 457 2941; x_wconf 87' lang='lat' dir='ltr'><strong>falsa</strong></span> <span class='ocrx_word' id='word_1_263' title='bbox 487 2902 604 2943; x_wconf 86' lang='lat' dir='ltr'><strong>enim</strong></span> <span class='ocrx_word' id='word_1_264' title='bbox 638 2901 730 2945; x_wconf 81' lang='lat' dir='ltr'><strong>hoec</strong></span> <span class='ocrx_word' id='word_1_265' title='bbox 760 2915 934 2959; x_wconf 91' lang='lat' dir='ltr'><strong>quoque</strong></span> <span class='ocrx_word' id='word_1_266' title='bbox 965 2910 1109 2953; x_wconf 89' lang='lat' dir='ltr'><strong>erunt,</strong></span> <span class='ocrx_word' id='word_1_267' title='bbox 1135 2903 1221 2943; x_wconf 93' lang='lat' dir='ltr'><strong>nisi</strong></span> <span class='ocrx_word' id='word_1_268' title='bbox 1251 2904 1398 2944; x_wconf 84' lang='lat' dir='ltr'><strong>onmia</strong></span> <span class='ocrx_word' id='word_1_269' title='bbox 1430 2901 1606 2942; x_wconf 82' lang='lat' dir='ltr'><strong>nomina</strong></span> 
     </span>
     <span class='ocr_line' id='line_1_35' title="bbox 1276 2988 1337 3018; baseline 0 0"><span class='ocrx_word' id='word_1_270' title='bbox 1276 2988 1337 3018; x_wconf 83' lang='grc' dir='ltr'><strong>ιο·</strong></span> 
     </span>
    </p>
   </div>
  </div>
 </body>
</html>
