1821 3309
301 202 401 251 270

238 340 483 392 Diogenem
504 334 730 376 Laenium
758 332 873 385 Chii,
902 335 1055 383 Stoici,
1090 341 1251 389 negant
1281 334 1512 389 quidquam
1543 344 1696 376 extare

237 424 392 470 praeter
427 413 652 469 epistolas,
684 421 828 454 cetera
849 411 927 453 Cei
959 426 1072 462 esse,
1105 412 1179 452 sed
1217 413 1311 468 ipse
1337 411 1491 454 Cicero
1526 411 1626 453 libr.
1657 412 1697 454 V

239 496 291 536 de
321 494 418 534 Fin.
462 495 486 543 ξ
516 493 569 532 13
602 492 800 532 Aristoni
841 491 1148 545 Peripatetico,
1193 503 1278 530 non
1313 490 1477 540 Stoico,
1512 497 1559 530 ut
1590 490 1698 530 miro

244 585 392 613 errore
436 568 637 610 Graevius
683 570 871 624 scripsit,
915 568 993 609 alii
1036 576 1253 624 repetunt,
1295 569 1455 623 scripta
1490 567 1626 609 multa
1659 576 1700 608 et

245 648 401 705 polita,
433 647 509 687 sed
539 649 756 702 gravitate
785 655 826 688 et
858 647 1116 687 auctoritate
1147 647 1339 686 carentia
1364 644 1531 694 tribuit,
1571 644 1700 700 quale

244 728 324 768 hoe
364 726 447 766 fuit
479 725 532 765 de
566 734 815 774 senectute;
853 734 1004 779 estque
1034 724 1208 764 omnino
1242 723 1324 764 hoc
1361 736 1500 778 genus
1535 721 1699 778 dialogi

242 807 295 847 de
328 805 425 846 loco
456 805 674 844 communi
703 804 1041 859 Peripateticum
1073 803 1212 856 magis
1242 816 1369 856 quam
1397 801 1606 842 Stoicum.
1627 801 1656 853 ¹)

354 881 421 924 Ne
443 883 739 936 grammaticis
765 882 937 937 quidem
962 879 1183 922 veteribus
1207 887 1374 920 tantum
1396 877 1544 926 tribui,
1568 893 1701 934 quan-

249 973 338 1002 tum
371 958 570 1001 nonnulli
601 960 811 1011 tribuunt,
845 968 891 1000 ut
920 961 974 999 iis
1007 959 1198 999 omnium
1231 966 1305 998 aut
1336 959 1596 1013 optimorum
1631 971 1702 998 co-

244 1041 386 1103 dicum
415 1051 674 1079 consensum
704 1040 873 1078 ratione
902 1035 1206 1078 confirmatum
1235 1035 1559 1091 posthaberem.
1616 1034 1704 1077 Ita-

246 1135 331 1174 que
365 1123 402 1170 ξ.
427 1117 607 1166 56fete‘t
638 1131 723 1156 non
751 1114 915 1162 delevi,
963 1128 1065 1155 casu
1107 1114 1219 1169 apud
1252 1112 1441 1154 Nonium
1473 1129 1514 1168 p.
1545 1115 1628 1154 488
1661 1123 1702 1154 et

245 1202 289 1238 in
331 1198 425 1238 cod.
472 1195 732 1236 Haeneliano
771 1195 1004 1241 omissum3
1046 1192 1182 1232 inulto
1225 1200 1368 1233 autent
1401 1193 1543 1232 minus
1574 1195 1613 1243 ξ.
1647 1194 1701 1232 51

247 1276 436 1317 Charisii
466 1274 740 1320 auctoritate,
773 1273 846 1325 qui
874 1270 998 1324 plura
1028 1278 1227 1323 corrupte
1259 1284 1319 1309 ex
1347 1269 1428 1310 hoc
1458 1269 1613 1311 libello
1645 1272 1703 1310 ci-

248 1362 323 1403 tat,
368 1367 408 1392 v.
439 1366 475 1391 c.
507 1354 544 1401 ξ.
576 1352 604 1390 S
635 1359 676 1390 et
705 1351 774 1399 46,
808 1362 989 1402 pravum
1025 1345 1279 1387 adverbium
1307 1350 1513 1400 proximo
1544 1350 1704 1404 recepi,

246 1431 359 1486 quod
401 1429 632 1479 Klotzius‚
685 1441 816 1483 quum
862 1426 944 1466 hoc
983 1424 1079 1465 loco
1135 1423 1363 1479 probaret,
1410 1426 1706 1467 inconstanter

248 1510 416 1564 sprevit
458 1507 512 1548 ab
554 1508 706 1548 eodem
750 1505 951 1546 Chai-isio
996 1503 1190 1544 oblatum
1224 1505 1263 1553 ξ.
1298 1504 1364 1542 12.
1431 1501 1566 1555 (Novi
1597 1505 1704 1545 duos

246 1588 385 1634 locos,
414 1588 487 1641 qui
514 1587 567 1627 ad
590 1584 904 1626 defendendam
927 1583 1111 1623 formam
1143 1582 1363 1632 citantur.)
1422 1581 1588 1623 Verum
1614 1581 1704 1624 haec

252 1667 456 1706 universe
501 1666 615 1706 dicta
658 1662 862 1704 sufficere
897 1663 1076 1716 opinor-3
1110 1660 1206 1700 ideo
1242 1668 1387 1699 autem
1418 1661 1606 1702 minutas
1637 1676 1706 1702 res

248 1746 392 1799 attigi,
438 1758 492 1784 ne
541 1745 637 1798 quis
675 1744 720 1782 in
763 1741 831 1782 his
876 1755 922 1781 se
970 1741 1166 1789 iactaret,
1210 1751 1371 1792 easque
1397 1754 1528 1793 quum
1562 1739 1707 1781 verbis

248 1821 575 1877 amplificasset,
613 1819 836 1875 neglectas
867 1834 892 1859 a
923 1832 990 1859 me
1022 1825 1289 1872 quereretur,
1325 1830 1372 1856 se
1406 1815 1607 1858 Ciceroni
1637 1831 1706 1858 sa-

250 1900 383 1940 lutem
419 1900 673 1941 reddidisse.
732 1897 952 1951 Deinceps
993 1897 1045 1936 de
1087 1894 1275 1948 singulis
1308 1893 1564 1949 quibusdam
1597 1894 1706 1936 locis

248 1979 405 2028 dicam,
433 1979 507 2033 qui
531 1977 835 2017 notabiliorem
865 1976 1146 2016 mutationem
1179 1981 1252 2013 aut
1283 1974 1532 2015 coniectura
1561 1988 1708 2028 reper-

251 2067 337 2097 tum
362 2056 610 2104 habebunt5
638 2071 718 2096 nec
743 2071 795 2096 ea
820 2057 1047 2109 attingam,
1080 2066 1261 2107 quorum
1287 2050 1538 2092 diiudicatio
1567 2053 1707 2105 posita

253 2143 318 2175 est
361 2136 405 2174 in
435 2135 733 2174 controversia
775 2132 1060 2187 grannnatica
1105 2129 1279 2179 latiore,
1324 2129 1452 2183 quale
1485 2137 1550 2169 est
1584 2132 1621 2180 ξ.
1651 2131 1706 2170 27

251 2212 324 2253 Ne
365 2226 478 2252 ιιηιισ
518 2212 688 2266 quidem
720 2225 794 2266 pro
826 2210 924 2251 Nec
953 2222 1068 2249 unm:
1093 2207 1278 2262 quidem,
1312 2207 1425 2262 quod
1458 2205 1706 2248 Ciceronia-

255 2306 354 2332 num
388 2305 473 2331 non
509 2299 610 2345 puto
628 2290 685 2339 2),
720 2297 762 2329 et
806 2292 829 2340 ξ
859 2290 914 2328 56
941 2287 1059 2327 leand
1088 2290 1177 2326 scio
1212 2299 1269 2326 cm
1299 2286 1435 2336 nullu,
1488 2287 1531 2325 in
1566 2285 1705 2326 Laelio

254 2380 395 2411 autem
428 2370 467 2421 §.
491 2371 547 2408 20
570 2368 689 2408 leand
721 2372 810 2408 scio
845 2381 901 2407 αιι
932 2365 1057 2415 ηι“]ιι”’,
1090 2364 1179 2416 ubi,
1209 2366 1247 2405 si
1278 2364 1432 2405 Cicero
1463 2365 1708 2419 scripsisset

254 2450 504 2506 quidquam,
534 2447 703 2488 librarii
734 2461 819 2487 non
850 2453 1104 2487 inmutassent.

283 2588 309 2628 ¹)
348 2584 466 2627 [idem
491 2581 708 2628 nuperrime
730 2579 969 2615 confirmavit
992 2589 1080 2611 meae
1104 2578 1302 2612 sententiae
1317 2578 1472 2623 ignarus
1489 2577 1547 2610 vir
1566 2576 1704 2610 doctis-

347 2645 463 2678 simus
476 2645 536 2677 Fr.
552 2643 765 2677 Ritschlius
782 2643 821 2675 in
833 2641 966 2675 Museo
982 2639 1164 2673 Rhenano
1177 2651 1275 2673 novo
1294 2639 1382 2672 anni
1399 2638 1415 2671 1
1434 2638 1524 2673 fasc.
1539 2640 1561 2669 2
1574 2649 1609 2682 p.
1628 2640 1706 2676 192,

348 2705 444 2738 scite
458 2704 629 2738 adhibito
646 2703 839 2738 Plutarchi
856 2703 940 2737 loco
957 2713 1001 2735 ex
1017 2701 1128 2734 initio
1144 2700 1266 2733 libelli
1281 2699 1327 2733 de
1339 2699 1420 2732 aud.
1436 2697 1570 2744 poetiS.
1589 2699 1704 2742 1842]

282 2769 316 2808 2)
361 2766 464 2809 [Vid.
500 2777 680 2800 excursus
719 2766 854 2799 tertius
894 2763 1053 2798 editioni
1084 2766 1224 2797 nostra:
1249 2761 1435 2795 librorum
1473 2759 1519 2793 de
1546 2759 1705 2793 Finibus

350 2827 549 2870 adiectus]
