1821 3309
339 284 430 332 164

265 429 379 473 runt,
414 435 483 471 (ιη,
532 421 626 462 dum
674 420 822 462 bessiae
865 422 1114 475 loquantur,
1147 423 1483 476 exspectamus?
1514 422 1637 465 Ferri
1668 436 1723 465 an

265 503 426 557 nequit.
490 500 670 541 Rectum
705 508 793 540 est:
832 497 949 547 Quid
975 506 1039 542 est
1065 503 1215 555 igitur,
1244 514 1319 542 cnr
1347 499 1628 543 dubitandum
1653 503 1724 552 sit,

262 584 366 634 quin
412 583 499 620 siut
545 592 611 627 ea,
660 590 754 632 quae
795 578 1033 632 disputavi,
1074 583 1317 630 verissima,
1356 583 1398 620 si
1423 583 1540 621 ratio
1565 593 1745 634 mecum*

249 658 400 708 facit,
444 661 484 697 sa·
516 681 568 687 -—-
601 656 922 697 condederunt?
972 656 1046 698 An
1079 678 1129 687 ·-
1165 659 1492 712 exspectamus?
1542 656 1636 699 Iam
1665 670 1722 699 an

260 736 503 777 adnectitur
542 736 757 790 superiori
800 735 1050 785 sententiae,
1095 736 1358 776 contrarium
1396 736 1607 777 inferens.
1672 735 1722 776 In

258 814 355 856 ioco
387 822 588 870 corrupto
624 813 752 855 Verr.
775 812 856 864 lv,
878 814 946 863 12,
970 814 1026 854 27
1057 812 1146 868 (qui
1177 812 1300 854 locus
1332 814 1377 854 in
1407 811 1534 855 bonis
1566 813 1724 855 codici-

261 893 339 933 bus
375 892 559 946 excidit)
593 891 789 933 Orellius
825 906 960 947 nuper
993 892 1054 946 (in
1085 890 1357 933 orationibus
1387 891 1580 946 selectis)
1611 893 1721 933 miro

259 986 362 1012 usus
393 979 458 1013 est
490 969 691 1012 artificio.
757 970 855 1026 Ipse
888 971 1002 1011 enim
1037 971 1372 1011 disiunctionem
1409 971 1558 1011 nescio
1591 984 1720 1026 quam

258 1051 547 1105 excogitavit,
575 1050 697 1089 cuius
725 1050 843 1104 prius
872 1048 1113 1090 membrum
1142 1048 1287 1090 verbis
1313 1047 1608 1103 significatum
1632 1063 1718 1090 non

258 1136 337 1172 est.
405 1126 633 1178 Ceterum,
676 1141 806 1181 quum
854 1126 964 1168 alter
1011 1127 1225 1167 dixisset:
1274 1128 1441 1168 petivit
1479 1142 1507 1168 a
1548 1141 1641 1179 me,
1671 1133 1718 1169 nt

255 1211 488 1256 mitterem,
528 1205 785 1260 simpliciter
828 1205 1163 1257 interrogandus
1209 1213 1327 1246 erat:
1371 1205 1601 1246 Μίείείίηε
1631 1208 1715 1259 igi-

254 1286 362 1324 lur?
393 1298 478 1324 non
514 1285 791 1326 disiunctive.
856 1283 985 1338 Apud
1018 1285 1272 1338 scriptorem
1306 1282 1622 1324 rhetoricorum
1663 1283 1715 1324 ad

256 1361 526 1402 Herennium
558 1360 632 1402 lib.
665 1361 721 1410 Π,
755 1362 823 1411 15,
852 1362 908 1401 22
942 1375 1001 1402 ex
1034 1361 1115 1402 hac
1145 1362 1338 1402 codicum
1364 1376 1498 1417 prope
1522 1363 1713 1403 omnium

252 1441 490 1494 scriptura:
521 1439 679 1480 deinde
719 1439 998 1493 spectandum
1032 1444 1109 1489 est,
1141 1452 1262 1494 oeqece
1292 1452 1492 1493 magnum
1522 1444 1581 1480 sit
1603 1439 1718 1481 illud

252 1523 479 1570 peccalum
528 1517 640 1560 effici
677 1517 855 1558 debebit
887 1531 1077 1573 aequem,
1117 1531 1203 1558 non
1236 1530 1293 1557 an
1322 1529 1458 1572 oeque.
1522 1516 1571 1557 In
1601 1516 1714 1559 libro

255 1594 268 1635 Ι
303 1596 356 1636 de
392 1597 558 1637 invent.
591 1598 661 1647 63,
693 1599 772 1637 101
813 1597 944 1637 etiam
975 1596 1018 1636 in
1051 1596 1324 1636 disiunctivae
1355 1596 1713 1650 interrogationis

249 1675 375 1715 initio
397 1676 573 1727 ponitur
600 1689 682 1724 (ιη,ο
718 1684 833 1716 recte
858 1683 1001 1716 tamen
1028 1672 1318 1730 improbatum
1345 1681 1410 1714 est
1433 1688 1457 1715 a
1481 1673 1712 1716 Lambino.

249 1753 380 1807 Apud
413 1753 588 1794 Livium
620 1754 704 1794 duo
734 1762 833 1794 sunt
865 1756 908 1794 in
940 1753 1021 1795 hoc
1050 1766 1211 1808 genere
1242 1753 1440 1793 mendosi
1470 1751 1571 1804 loci,
1602 1752 1711 1794 alter

250 1833 292 1870 in
327 1830 439 1871 libro
471 1831 642 1872 XXXI
678 1832 787 1886 (quae
818 1845 919 1886 pars
953 1831 1072 1871 Livii
1103 1844 1187 1871 non
1222 1829 1348 1871 valde
1380 1844 1405 1871 a
1434 1829 1562 1872 bonis
1593 1832 1709 1872 codi-

256 1908 379 1949 cibus
422 1911 633 1951 instructa
675 1910 765 1962 est)
821 1924 855 1951 c.
897 1910 972 1950 48:
1028 1908 1199 1962 Magna
1237 1921 1343 1962 pars
1386 1914 1562 1950 senatus
1599 1908 1715 1951 nihil

243 1993 406 2041 praeter
453 2002 521 2029 res
557 1993 708 2042 gestas
749 1993 803 2038 et,
838 2000 894 2028 an
928 1991 974 2027 iu
1005 1990 1265 2041 nnegz'stratu
1294 1990 1468 2041 suisque
1500 1991 1710 2042 auspiciis

190 2079 213 2094 ⁶
241 2069 463 2119 gessisset,
496 2065 729 2108 censebant
752 2071 946 2107 senatum
967 2070 1189 2119 spectare3
1220 2064 1295 2106 ubi
1324 2064 1560 2120 legendum
1590 2066 1709 2108 vide-

246 2151 334 2183 tur:
367 2149 424 2193 et,
470 2157 602 2185 ectsne
641 2147 687 2184 in
722 2147 983 2198 nmgz‘slrczlu
1015 2143 1112 2194 (ἑο,
1144 2142 1256 2184 alter
1286 2142 1455 2192 XLIV,
1488 2145 1565 2184 19:
1597 2143 1713 2186 nihil

244 2223 469 2271 interesse,
497 2234 553 2261 cm
579 2221 713 2261 Pelloe
736 2224 931 2275 pecunia
963 2226 1090 2267 esset,
1121 2219 1195 2261 ubi
1227 2221 1444 2261 sententia
1474 2221 1706 2263 manifesto

243 2297 577 2340 disiunctionem
612 2297 808 2354 flagitat3
848 2298 937 2339 hoc
971 2299 1086 2339 enim
1122 2299 1294 2349 dicitur,
1337 2312 1422 2338 non
1453 2299 1561 2340 satis
1592 2313 1706 2348 esse,

242 2377 472 2429 pecuniam
506 2376 800 2419 Samothracae
831 2377 958 2432 poni;
1002 2375 1137 2417 nihilo
1168 2377 1283 2417 enim
1316 2377 1474 2427 minus,
1507 2391 1635 2433 quam
1667 2379 1705 2419 si

240 2452 376 2493 Peltae
419 2463 550 2506 esset,
595 2456 638 2495 in
679 2455 830 2495 Persei
875 2463 1091 2510 potestate
1134 2454 1241 2497 fore.
1309 2454 1443 2496 Recte
1482 2456 1617 2512 igitur
1650 2456 1704 2498 ad

240 2544 414 2572 sensum
441 2530 718 2573 Crevierius:
747 2532 813 2573 ibt
837 2546 893 2573 an
923 2533 1070 2575 Pelloe.
1129 2531 1291 2573 Contra
1322 2532 1470 2584 XLV,
1498 2534 1556 2574 20
1581 2534 1700 2587 (con-

239 2609 347 2648 sulti
374 2608 427 2649 ab
452 2610 584 2651 Iunio
614 2612 789 2652 consede
813 2616 980 2664 patres,
1011 2609 1225 2651 stantibus
1254 2614 1301 2652 in
1332 2612 1503 2650 cornilio
1522 2610 1698 2664 legatis,

240 2686 478 2736 aulaeum,
523 2689 666 2729 ΙαιιΙιά
710 2694 990 2743 senatumque
1036 2689 1209 2741 darent)
1254 2685 1483 2743 particula,
1523 2694 1570 2726 ut
1603 2696 1701 2742 post

239 2760 465 2803 dubitandi
497 2765 646 2815 verba,
676 2768 851 2820 ponitur
884 2781 979 2807 cum
1010 2766 1099 2806 levi
1128 2765 1180 2806 ad
1213 2763 1545 2805 affirmationem
1574 2763 1699 2806 incli-

239 2841 430 2891 natione,
462 2843 534 2896 qui
565 2856 669 2883 usus
701 2844 937 2884 translatus
970 2845 1023 2885 ad
1057 2842 1329 2884 deliberandi
1367 2849 1410 2883 et
1440 2841 1696 2884 consulendi

239 2917 373 2960 verba
417 2927 458 2960 et
502 2921 663 2962 sensim
704 2920 882 2977 longius
914 2933 1188 2977 progressus,
1220 2918 1450 2963 obscurata
1482 2919 1694 2976 paulatim
