1821 3309
1437 212 1534 264 361

138 362 336 401 curiatae
374 365 419 399 et
453 360 728 399 centuriatus
768 358 918 413 inepta
953 370 1069 405 esse,
1100 371 1231 414 quum
1267 356 1357 409 alii,
1394 366 1483 399 tum
1516 357 1609 399 Du-

137 439 274 480 kerus
308 447 350 480 et
380 436 617 480 Walchius
650 436 879 488 viderunt3
911 435 1097 478 alterum
1138 437 1219 479 hoc
1248 452 1334 479 uno
1368 437 1465 479 loeo
1498 437 1610 493 legi-

138 528 235 568 tui-3
265 528 497 573 utrumque
523 531 653 573 quum
681 525 858 572 propter
883 516 1132 572 analogiam
1163 527 1253 558 tum
1277 527 1453 573 propter
1481 532 1608 559 usum

141 600 203 653 (in
237 601 509 640 centuriatus
540 596 732 649 nomine)
766 606 980 637 remotum
1014 606 1079 638 est
1106 597 1160 638 ab
1189 613 1240 638 ea
1268 596 1610 654 significatione,

140 693 269 735 quam
299 677 582 727 recentiores,
616 675 736 717 velut
776 675 1045 727 schelmas,
1081 675 1334 729 subiiciunt,
1367 687 1412 718 ut
1438 677 1609 719 Dukeri

139 757 527 815 reprehensionem
561 758 724 811 vitent;
769 756 888 813 quid,
936 756 1050 812 qnod
1097 772 1150 798 ne
1197 759 1260 799 sic
1290 759 1462 814 quidem
1495 767 1612 800 recte

141 838 360 880 dicei-etur
412 840 647 878 convenire
699 836 759 878 ml
810 837 1119 878 decuriatum!
1172 837 1324 894 Itaque
1378 838 1612 880 Walchius

143 917 411 972 (Emendatt.
453 917 584 959 Livv.
631 933 672 974 p.
718 918 816 972 179)
857 916 1088 958 delendam
1125 932 1222 959 esse
1258 920 1612 974 praepositionem

141 999 312 1048 statuit,
346 1006 390 1038 ut
423 999 580 1053 supina
610 999 788 1054 passive
821 996 1189 1052 intelligeremur,
1223 1013 1407 1054 eamque
1439 1008 1614 1039 senten-

144 1078 251 1119 tiam
282 1075 787 1132 Baumgarten·Crusius
821 1076 1040 1133 probavit.
1104 1078 1190 1120 Sed
1234 1078 1302 1118 hic
1333 1084 1477 1137 supini
1510 1098 1615 1124 usus

142 1175 247 1212 uno,
282 1160 396 1216 quod
429 1157 604 1214 quidem
646 1165 763 1198 recte
804 1157 1063 1198 advocatum
1099 1160 1171 1207 sit,
1205 1157 1427 1203 Martialis
1462 1177 1616 1204 exeni—

140 1241 215 1299 plo
248 1240 513 1289 defenditur,
549 1238 620 1293 qui
654 1245 751 1292 post
793 1237 923 1277 eundi
970 1237 1150 1279 vei-bum
1187 1238 1268 1281 hoc
1300 1242 1383 1283 sibi
1420 1245 1618 1299 permisit

142 1335 300 1364 versus
333 1319 465 1361 facile
501 1316 723 1359 efficiendi
756 1331 915 1365 causa;
950 1315 1127 1359 Livium
1164 1321 1224 1361 ita
1261 1322 1453 1364 scribere
1490 1334 1613 1379 potn-

143 1405 247 1452 isse,
280 1400 464 1442 multum
509 1397 651 1446 abest,
695 1406 742 1437 ut
782 1395 860 1438 illa
891 1399 1151 1440 auctoritate
1186 1403 1440 1452 mineatum
1475 1418 1616 1460 neque

142 1481 438 1539 negligendus
484 1487 551 1519 est
585 1492 825 1519 consensus
862 1478 1057 1519 codicum
1092 1480 1134 1520 in
1169 1484 1478 1537 praepositione
1515 1485 1618 1525 reti·

146 1563 305 1606 nenda.
369 1559 580 1602 Memlum
611 1567 753 1600 ortum
786 1573 883 1600 esse
912 1559 1085 1600 videtur
1117 1574 1139 1599 e
1168 1560 1385 1603 scribendi
1417 1578 1619 1617 compen-

144 1644 235 1695 dio,
264 1642 317 1683 de
349 1655 434 1697 quo
462 1638 855 1682 Drakenborchius
886 1640 978 1695 egit
1006 1639 1058 1682 ad
1088 1638 1187 1682 Liv.
1219 1641 1428 1694 XXXV,
1458 1645 1513 1684 33
1541 1647 1563 1696 ξ
1590 1647 1619 1686 8

145 1733 190 1767 et
222 1730 318 1780 post
351 1735 448 1762 eum
492 1719 783 1762 Ruhnkenius
827 1719 879 1761 ad
916 1720 1036 1763 Vell.
1071 1720 1240 1763 Patere.
1278 1720 1335 1773 Il,
1365 1724 1434 1763 29.
1502 1725 1620 1767 Scri·

144 1815 268 1864 ptum
304 1803 419 1844 enim
452 1802 547 1842 sine
588 1798 721 1841 dubio
765 1800 847 1841 fuit
878 1800 939 1841 ml
971 1801 1253 1844 decuriadum
1285 1810 1362 1845 (ml
1393 1805 1621 1850 centuri&-

144 1886 244 1928 dum
279 1884 409 1939 idque
451 1880 662 1923 facillimo
711 1896 860 1922 errore
902 1883 945 1922 in
986 1897 1081 1923 eam
1126 1884 1385 1939 scripturam
1430 1890 1618 1940 transiit,

145 1979 241 2023 quae
271 1977 385 2005 nune
411 1971 477 2003 est
508 1963 551 2002 in
584 1960 723 2002 libris.
781 1961 916 2003 Recte
945 1971 1089 2004 autem
1117 1963 1272 2005 Livius
1305 1967 1364 2007 itu
1395 1966 1510 2009 dixit
1542 1984 1619 2025 pro

146 2060 216 2097 eo,
248 2043 362 2101 quod
395 2051 484 2083 est:
522 2047 570 2082 ut
601 2040 940 2083 decurtat-entur
980 2048 1057 2084 (tul
1089 2049 1460 2099 conlurc'arenlm',
1492 2064 1622 2104 quem

147 2124 351 2183 gerundii
383 2136 509 2162 usum
535 2121 705 2162 idoneis
736 2121 956 2178 exemplis
984 2123 1314 2167 Ruddimannus
1344 2126 1624 2170 confirmavit

146 2205 310 2247 Institt.
352 2201 394 2244 ΙΙ
436 2217 476 2259 p.
518 2202 603 2243 255
644 2201 712 2242 ed.
759 2200 882 2258 Lips.
925 2202 1057 2255 (Add.
1094 2202 1184 2247 Cic.
1217 2205 1345 2248 Verr.
1379 2209 1418 2258 l,
1453 2210 1521 2260 18,
1551 2210 1623 2260 54,

149 2283 283 2327 Corn.
313 2281 425 2338 Nep.
455 2282 550 2324 Att.
590 2281 650 2334 9.)
674 2282 710 2331 ¹)
770 2281 891 2323 Idem
925 2282 1139 2325 scribendi
1179 2300 1315 2338 error,
1357 2301 1530 2339 vereor,
1569 2303 1622 2330 ne

148 2364 336 2408 alterum
370 2362 491 2404 Livii
521 2361 683 2413 locum,
714 2363 786 2417 qui
816 2371 882 2403 est
912 2364 956 2403 in
990 2362 1104 2405 libro
1136 2365 1299 2408 XXVI
1331 2381 1365 2406 c.
1397 2368 1439 2418 2,
1475 2382 1623 2408 corru-

82 2436 87 2447 ’
148 2445 281 2503 perit,
319 2440 397 2482 ubi
437 2442 583 2482 verius
630 2440 825 2482 videtur:
855 2442 1051 2484 sollenne
1094 2445 1459 2499 auspc'candorum
1492 2452 1622 2489 comi-

149 2529 309 2568 tc'orum
339 2536 470 2579 quam
503 2520 619 2579 quod
651 2519 788 2578 vulgo
820 2519 998 2579 legitur,
1035 2529 1374 2580 auspc'catorum.

178 2739 214 2786 ¹)
253 2736 370 2784 [Add.
396 2736 477 2773 Liv.
504 2734 608 2770 XLV
626 2761 637 2777 ‚
664 2737 731 2775 15,
755 2733 908 2770 Lucret.
941 2734 1000 2778 Π,
1025 2737 1118 2778 552,
1143 2742 1257 2781 cett,
1294 2739 1334 2775 in
1360 2740 1500 2789 quihus
1528 2742 1624 2778 locis

245 2799 440 2847 genitivus
479 2803 560 2839 σείς
600 2810 687 2833 nam
721 2797 763 2832 in
794 2797 868 2833 hoc
894 2810 984 2834 casu
1016 2800 1202 2837 facillime
1228 2813 1269 2837 ea
1292 2803 1466 2840 efficitur
1489 2805 1626 2852 sigui-n,

248 2873 321 2909 qua
345 2861 597 2909 gerundium,
623 2866 758 2897 natura
785 2862 974 2905 activum‚
999 2864 1150 2913 passive
1177 2865 1380 2913 significet.
1433 2867 1513 2904 Csr.
1540 2880 1623 2915 quae

4 2926 83 3047 [ss
249 2924 327 2960 dixi
355 2924 401 2960 ad
427 2924 508 2960 Cic.
538 2925 620 2961 Fin.
654 2929 671 2960 l
701 2928 723 2970 S
750 2930 796 2962 69
824 2939 858 2974 p.
886 2929 964 2963 130.
1000 2928 1045 2964 A.
1075 2929 1193 2973 1842]
