1821 3309
1407 243 1503 294 195

98 381 215 424 istud
245 382 414 439 ipsumz
458 381 518 424 Es
549 381 721 424 kommt
759 396 809 424 so
853 382 943 425 viel
983 384 1062 425 auf
1090 384 1161 426 die
1198 384 1465 428 Schmerzen
1500 401 1571 439 an,

95 462 196 504 dass
229 475 329 503 man
372 462 436 502 sie
471 469 676 517 ertragen
711 462 857 503 muss?
898 463 1085 515 Vereor,
1128 478 1182 505 ne
1214 466 1270 505 sit
1304 464 1387 506 hoc
1422 480 1483 507 ex
1518 481 1569 509 eo

97 555 289 598 genere,
348 539 462 596 quod
503 541 630 596 attigi
674 555 805 596 supra
847 556 890 597 p.
938 543 1034 583 173.
1110 541 1264 584 Laudo
1304 542 1493 585 Manutii
1529 555 1570 587 et

97 618 304 662 Lambini
335 617 530 675 simplex
567 628 610 660 et
640 628 807 661 rectum
840 621 1066 663 iudicium.

209 698 297 742 Sed
341 699 612 741 redeundum
658 708 725 741 est
759 699 995 756 aliquando
1028 699 1081 741 ad
1116 698 1389 753 Iuvenalem,
1423 716 1449 743 a
1484 717 1570 758 quo

97 779 227 819 nimis
267 791 391 834 paene
434 778 568 836 longe
618 794 697 821 nos
743 778 932 821 abduxit
975 779 1103 820 huius
1148 779 1356 836 loquendi
1393 783 1570 836 generis

99 858 433 913 pervestigatio,
476 868 535 908 et,
583 860 771 910 omissis,
816 874 910 916 quae
947 859 1109 900 similia
1147 859 1345 901 adnotari
1378 860 1430 901 de
1466 874 1572 901 vera

99 936 334 978 verborum
369 939 412 978 vi
445 951 529 978 non
559 937 721 994 ubique
755 947 984 995 perspecta
1018 948 1222 993 poterant
1245 940 1294 989 l)‚
1339 938 1570 980 dicendum

99 1016 152 1057 de
196 1017 349 1072 paucis
392 1015 526 1066 locis,
581 1018 625 1057 in
667 1016 824 1072 quibus
877 1031 961 1058 non
1007 1026 1094 1058 tam
1145 1016 1388 1072 explicatio
1442 1031 1571 1073 quam

99 1095 346 1136 emendatio
378 1103 518 1150 poetae
553 1094 697 1136 verbis
731 1094 980 1137 adhibenda
1017 1105 1097 1147 est,
1141 1096 1253 1152 quod
1290 1110 1429 1150 genus
1467 1110 1573 1137 nou·

100 1174 202 1214 dum
238 1175 480 1231 attigimus.

280 1252 327 1294 ln
348 1254 483 1294 satira
503 1262 634 1294 sexta
659 1252 702 1294 hi
724 1252 932 1310 leguntur
952 1268 1105 1294 versus
1124 1253 1225 1295 inde
1245 1269 1267 1295 a
1285 1256 1392 1296 461:

371 1331 545 1374 Interea
565 1332 694 1373 foeda
715 1332 920 1388 adspectu
944 1333 1210 1388 ridendaque
1232 1332 1369 1373 multo

371 1411 489 1452 Pane
516 1419 652 1452 tumet
679 1411 831 1462 facies,
865 1420 938 1452 aut
968 1413 1148 1467 pinguia
1171 1411 1419 1467 Poppaeana

371 1489 533 1544 Spirat,
569 1500 610 1530 et
636 1489 736 1530 hinc
759 1491 908 1531 miseri
935 1492 1157 1531 viscantur
1184 1489 1306 1531 labra
1337 1492 1494 1531 mariti„

371 1568 440 1610 Ad
465 1568 693 1610 moechum
716 1571 860 1610 veniet
879 1569 968 1611 lota
988 1579 1108 1619 cute3
1132 1570 1305 1625 quando
1325 1570 1464 1611 videri

374 1647 482 1688 Vult
500 1648 693 1689 formosa
714 1648 861 1690 domi?
887 1648 1089 1690 Moechis
1107 1649 1262 1691 foliata
1280 1659 1516 1704 parantum

373 1725 453 1766 His
471 1727 646 1777 emitur,
671 1728 877 1784 quidquid
897 1728 1086 1784 graciles
1104 1729 1188 1770 huc
1208 1729 1379 1770 mittitis
1400 1726 1510 1768 Indi.

370 1802 569 1846 Tandem
590 1808 730 1860 aperit
753 1805 920 1849 vultum
940 1816 981 1848 et
1000 1809 1183 1849 tectoria
1205 1807 1344 1863 prima
1365 1807 1533 1859 reponit
1552 1820 1562 1851 ς

372 1882 531 1939 Incipit
562 1887 743 1941 agnosci
774 1886 853 1927 (Q.

104 1960 153 2001 ln
195 1960 262 2002 his
305 1960 470 2018 aliquid
512 1977 610 2005 esse
644 1963 825 2015 turbati,
858 1965 946 2005 iam
980 1963 1202 2005 Gonsalus
1236 1964 1288 2005 ad
1324 1964 1578 2005 Petronium

104 2048 301 2082 senserat
341 2050 384 2083 et
428 2050 525 2098 post
571 2057 669 2084 eum
702 2042 966 2085 Dusaultius
1016 2054 1058 2084 et
1086 2043 1340 2099 Rupertius.
1410 2041 1579 2083 Incom-

106 2120 232 2160 mode
266 2121 381 2161 enim
415 2136 593 2176 prorsus
626 2121 681 2164 ab
716 2123 889 2179 incepta
916 2122 1211 2178 descriptione
1229 2122 1360 2163 faciei
1381 2121 1578 2163 obductae

139 2301 168 2342 ι)
204 2298 382 2346 Exempli
409 2311 524 2336 causa
550 2313 668 2337 unum
695 2314 845 2350 ponam.
894 2301 1004 2345 xm„
1038 2305 1104 2338 136
1135 2303 1257 2337 decies
1285 2303 1399 2337 lectos
1431 2302 1581 2336 diversa

197 2366 310 2404 parte
328 2362 481 2401 ⁴libellos
507 2363 721 2410 Rupertius
748 2363 936 2409 intelligit
964 2365 1114 2399 tabulas
1141 2364 1261 2398 lectas
1291 2362 1432 2397 ”variis
1462 2362 1503 2395 in
1528 2362 1579 2394 lo-

199 2420 255 2454 eis
275 2432 483 2468 coramque
513 2425 692 2466 testibus,
719 2426 785 2473 qui
813 2425 958 2472 singuli
985 2437 1047 2460 eas
1076 2425 1306 2470 εἰξξιιεινίιιῐ,Η
1335 2422 1443 2470 quasi
1470 2421 1510 2455 id
1537 2422 1585 2454 ad

201 2491 280 2515 rem
295 2477 595 2532 pertineatjper
621 2492 715 2533 quot
741 2487 827 2522 loca
847 2486 1080 2521 circumlatae
1104 2485 1196 2526 sint,
1219 2488 1285 2518 aut
1310 2482 1419 2529 quasi
1448 2482 1504 2516 sic
1530 2482 1584 2515 ‹li›

199 2547 310 2578 catur
346 2546 518 2582 diversus
553 2551 591 2581 et
620 2560 725 2593 pars.
783 2550 949 2583 Diversa
975 2553 1088 2593 parte
1115 2551 1173 2582 cst
1199 2559 1223 2580 a
1247 2551 1361 2591 parte
1388 2546 1586 2579 contraria

199 2605 430 2649 adversm-ii,
459 2609 781 2656 quemadmodum
809 2623 855 2646 ex
885 2611 1032 2645 diverso
1060 2607 1161 2656 apud
1185 2606 1363 2641 Tacitum
1394 2605 1510 2649 (nist.
1536 2604 1587 2639 11„

201 2670 257 2708 75,
288 2667 355 2711 ln,
376 2672 411 2712 5,
438 2668 507 2711 Ill,
533 2673 598 2716 73)
625 2676 664 2707 et
691 2671 923 2706 Suetonium
946 2670 1102 2715 (octav.
1128 2673 1201 2714 27).
1252 2667 1363 2716 Saepe
1389 2668 1445 2703 sie
1465 2667 1589 2711 Quin-

202 2729 359 2765 tilianus
402 2731 494 2776 (vid.
532 2733 715 2769 Bonnelli
745 2733 871 2777 Lex.)
931 2731 1141 2767 Suetonius
1183 2730 1254 2766 lul.
1281 2734 1327 2765 29
1363 2731 1534 2766 consules
1570 2742 1589 2762 e

201 2797 315 2835 parte
338 2793 490 2828 diversa
511 2794 625 2836 dixit,
654 2796 728 2831 hoc
750 2799 821 2837 est,
847 2794 1051 2830 contrariae
1072 2794 1266 2829 factionis.
1307 2792 1453 2827 Eodem
1477 2792 1585 2825 modo

205 2851 361 2898 scripsit
387 2853 579 2892 Iuvenalis
609 2857 699 2899 Vll,
728 2861 816 2892 156:
855 2869 936 2906 quse
961 2858 1120 2893 veniant
1151 2857 1304 2893 diversa
1329 2861 1442 2900 parte
1473 2859 1585 2898 sugat>

211 2914 272 2954 ἔω,
297 2915 401 2959 quod
429 2915 666 2954 Schmidtius
695 2932 773 2956 non
798 2919 1003 2955 intellexit.

1261 3034 1324 3068 13²²*
