1821 3309
343 208 443 257 240

278 348 535 391 adscribitur
566 350 848 402 (amaminor,
879 346 1169 399 hortaminor,
1214 350 1497 403 ven-eminor),
1552 353 1728 405 negavit

281 429 412 470 ullam
448 428 607 468 habere
640 428 956 467 auctoritatem.
1022 426 1114 468 Nec
1147 436 1289 468 tannen
1325 437 1474 484 postea
1503 431 1728 485 quisquam

279 517 352 549 aut
381 522 475 548 eam
509 507 689 547 formam
723 505 898 546 sustulit
929 515 1002 547 aut
1033 507 1283 562 exemplum
1316 509 1476 549 veteris
1507 510 1730 564 scriptoris

281 587 470 634 addidit3
502 600 599 626 nam
632 586 716 625 duo
748 584 824 625 illa
853 585 1070 637 Plautina,
1101 601 1194 641 quae
1225 586 1552 628 Ruddimannus
1583 596 1626 628 et
1656 601 1731 628 an-

280 667 487 720 tiquiores
532 664 706 714 habent,
748 678 915 705 summo
947 667 1040 706 iure
1071 665 1314 720 Krarupius
1346 667 1514 715 reiecit,
1544 665 1730 706 alterum

279 759 337 784 ex
362 744 540 798 Epidico
571 743 628 794 V,
652 744 696 792 2,
718 745 787 793 30,
818 742 891 783 ubi
921 743 1102 799 pluralis
1133 744 1237 785 ferri
1269 744 1390 785 nullo
1418 745 1544 785 modo
1575 753 1730 800 potest,

281 823 449 864 codices
480 831 624 863 autem
658 822 818 862 habent
849 821 1067 862 arbitrare
1096 835 1223 873 nnnc,
1258 838 1314 863 ex
1348 838 1432 879 quo
1464 822 1513 864 fit
1543 822 1731 864 arbitra-

281 907 408 953 mino,
441 901 624 942 alterum
661 916 718 941 ex
749 900 965 941 Pseudolo
999 900 1077 951 III,
1108 903 1150 952 2,
1180 904 1249 952 70,
1282 901 1356 942 ubi
1384 902 1474 943 haec
1503 901 1732 957 leguntur:

283 982 338 1022 St
368 996 447 1036 qno
493 980 564 1021 lzz'c
605 980 830 1035 spectabit,
878 993 925 1020 eo
973 985 1020 1020 m
1064 987 1255 1034 spectato
1290 982 1440 1030 sinent,-
1483 985 1527 1021 si
1549 994 1630 1035 quo
1663 979 1734 1020 Ιιίσ

275 1061 519 1115 gradietur,
538 1064 708 1113 pariter
724 1059 1086 1113 progredt'mz'nor.
1133 1060 1187 1099 Et
1208 1059 1369 1101 habent
1394 1061 1580 1110 codices,
1605 1073 1730 1115 quem

281 1140 496 1180 sententia
535 1139 730 1192 requirit,
785 1137 1051 1192 singularem
1082 1139 1425 1192 progrede‘nn’no.
1493 1138 1638 1193 Atque
1671 1139 1733 1178 sic

282 1220 360 1259 hos
385 1218 503 1259 locos
525 1216 777 1257 scribendos
804 1230 914 1265 esse,
948 1217 1054 1256 vidit
1079 1218 1207 1257 etiam
1231 1217 1546 1257 Ramshornius
1571 1232 1611 1272 p.
1636 1218 1732 1266 143,

281 1299 353 1338 sed
398 1297 498 1351 quid
544 1296 643 1334 inde
679 1304 947 1349 sequeretur,
993 1309 1075 1334 non
1108 1296 1228 1335 vidit.
1292 1295 1407 1336 Illud
1440 1297 1565 1346 addo,
1596 1297 1730 1351 ipsam

281 1378 461 1417 formam
507 1375 672 1414 ratione
711 1388 883 1421 ουτοι-ες
924 1387 1063 1428 neque
1106 1375 1218 1413 enim
1267 1388 1445 1428 usquam
1493 1375 1537 1414 in
1574 1374 1730 1414 Latino

284 1469 483 1495 sermone
508 1454 652 1494 littera
681 1467 703 1492 r
736 1451 996 1506 pluralitatis
1024 1453 1158 1492 index
1190 1461 1268 1492 est.
1316 1452 1403 1501 Qui
1426 1451 1734 1507 etymologiam

283 1536 404 1590 sequi
440 1533 573 1583 volet,
604 1533 665 1572 sic
696 1533 999 1586 imperativum
1031 1533 1251 1586 passivum
1288 1529 1529 1572 ordinabit:

893 1610 1064 1663 Singul.
1456 1608 1620 1650 Plural.

335 1741 459 1781 Pr'or
484 1741 623 1781 forma
686 1785 795 1825 pers·
813 1772 840 1810 2
864 1779 903 1809 et
920 1771 967 1810 3:
989 1768 1184 1809 hortator
1306 1784 1418 1825 pers.
1437 1770 1478 1809 3:
1499 1767 1722 1809 hortuntor

339 1850 434 1890 Sec.
456 1848 594 1889 forma
612 1873 660 1880 —
684 1864 795 1903 pers.
812 1851 839 1888 2
860 1858 901 1889 et
921 1850 969 1888 3:
988 1847 1227 1888 hortmm'uo
1246 1849 1277 1902 ¹)
1310 1862 1422 1904 pers,
1434 1849 1475 1890 2:
1488 1846 1737 1887 hortamini.

283 1927 392 1969 Nam
424 1927 664 1968 hor-[mnino
699 1942 793 1968 cum
826 1926 1062 1968 hortamini
1090 1928 1362 1968 coniunctum
1392 1940 1504 1976 esse,
1535 1925 1736 1966 eandem-

283 2022 365 2062 que
417 2006 577 2047 habere
631 2008 946 2047 terminationis
992 2008 1109 2046 mirae
1161 2015 1201 2046 et
1242 2008 1283 2046 in
1333 2006 1528 2060 cognatis
1570 2003 1735 2059 linguis

283 2085 457 2125 abolitae
501 2087 730 2140 originem,
773 2095 935 2125 certum
971 2094 1051 2135 est,
1086 2087 1166 2124 etsi
1202 2084 1309 2124 illud
1343 2084 1541 2124 secundae
1576 2091 1618 2122 et
1653 2091 1734 2122 ter-

284 2165 368 2211 tiae,
411 2163 491 2203 hoc
539 2172 701 2202 tantum
750 2163 947 2203 secundm
997 2176 1189 2217 personae
1225 2171 1290 2202 est
1331 2170 1373 2201 et
1414 2162 1455 2200 in
1499 2160 1734 2199 indicativo

284 2242 517 2296 respondet
548 2240 759 2296 singulari
790 2240 994 2280 hortaris.
1058 2240 1218 2280 Eadem
1254 2253 1533 2295 personarum
1571 2247 1738 2293 pertur-

286 2319 402 2361 batio
437 2329 501 2360 est
539 2322 581 2360 in
626 2318 834 2370 hortator,
878 2321 998 2359 cuius
1044 2317 1209 2374 plurale
1254 2326 1416 2358 tantum
1460 2318 1596 2357 tertiae
1638 2331 1737 2370 pro-

285 2400 423 2454 prium
454 2406 535 2447 est,
566 2400 705 2453 ipsum
738 2400 866 2438 etiam
897 2398 1127 2438 secundam
1161 2395 1488 2451 complectitur3
1519 2404 1561 2436 et
1591 2403 1734 2436 tamen

286 2487 418 2532 patet,
449 2478 722 2518 coniunctum
758 2477 798 2516 id
841 2491 936 2517 esse
983 2491 1076 2516 cum
1121 2477 1246 2516 tertia
1280 2475 1504 2515 indicativi
1536 2488 1736 2530 persona,

288 2564 333 2595 ut
376 2555 552 2595 hortare
592 2571 686 2596 cum
734 2556 921 2596 secunda
955 2565 1184 2610 cognatum
1230 2562 1294 2594 est
1325 2553 1394 2594 vel
1430 2555 1574 2608 potius
1607 2552 1736 2591 idem.

289 2633 492 2674 Ceterum
537 2649 616 2674 usu
656 2634 831 2676 hortare
875 2635 1096 2688 praesenlis
1138 2648 1232 2674 esse
1272 2634 1487 2682 dicemus,
1528 2629 1737 2680 hortator,

316 2765 347 2807 ¹)
385 2763 474 2796 llaee
512 2763 630 2796 sor-ma
665 2769 803 2809 praeter
840 2776 903 2799 cos
940 2765 1069 2804 locos,
1106 2775 1200 2809 quos
1228 2762 1406 2795 Struvius
1442 2765 1479 2794 et
1512 2759 1575 2793 alii
1606 2759 1738 2799 citant,

383 2829 518 2870 quater
555 2823 695 2868 legitur
732 2825 771 2857 in
808 2826 935 2859 tabula
961 2823 1210 2859 Heracleonsi
1240 2822 1448 2866 (Hauhold.
1473 2822 1639 2857 Monuni.
1664 2821 1735 2866 leg.

383 2886 452 2920 iur.
485 2885 590 2921 Rom.
615 2899 648 2931 p.
680 2889 771 2927 100).
