1821 3309
1418 209 1517 258 219

132 353 250 403 dant,
293 367 376 393 non
422 366 558 407 pauca
600 352 792 407 reperias
830 352 882 392 ad
928 350 1037 392 hauc
1080 352 1260 393 formam
1295 355 1470 408 scripta.
1535 353 1587 393 Et.

133 441 277 473 tamen
308 431 397 472 haec
426 432 508 471 ‹luo
536 431 646 485 apud
679 432 880 485 antiquos
912 440 953 470 et
986 440 1138 472 natura
1170 441 1212 471 et
1239 447 1317 472 usu
1351 433 1458 473 adeo
1489 442 1587 473 sunt

132 511 347 559 discreta,
400 520 444 550 ut
486 524 702 565 nunquam
757 519 857 549 ante
907 510 1129 550 cadentem
1176 513 1385 552 orationis
1430 514 1588 553 veteris

133 591 375 631 castitatem
420 589 736 629 commutentur
780 590 862 628 nisi
907 589 1061 629 mendo
1098 592 1320 646 scriptura}
1356 600 1430 630 aut
1461 593 1590 630 inter-

134 670 330 725 pretandi
386 670 572 709 inscitia.
638 667 782 717 Quum
836 668 949 707 enim
1004 668 1159 709 Latine
1208 670 1415 719 dicimus,
1469 670 1588 711 verbi

134 747 453 800 causa,fixum
497 754 574 799 est,
608 757 837 802 utrumque
879 746 1118 802 significari
1154 759 1310 803 potest,
1356 759 1397 790 et
1436 748 1591 790 fixisse

134 828 342 884 aliquem,
385 829 614 883 participio
648 836 690 868 et
727 826 861 866 verbo
905 826 1178 869 substantivo
1215 831 1257 870 iu
1291 844 1419 871 unam
1455 832 1592 880 notio-

136 923 234 949 nem
280 909 461 964 perfecti
492 908 655 962 passivi
694 905 1056 958 coalescentibus,
1093 917 1135 948 et
1167 923 1279 950 nunc
1312 909 1418 950 illud
1455 909 1592 951 fixum

138 1003 340 1040 manere,
397 997 443 1028 ut
483 987 757 1042 participium
813 995 972 1026 statum
1017 986 1208 1042 aliquem
1252 991 1314 1029 rei
1356 989 1593 1046 significet,

139 1065 347 1120 verbum,
397 1081 495 1109 eum
551 1074 708 1106 statum
763 1080 874 1105 nuuc
918 1079 1030 1105 esse.
1099 1065 1191 1108 Nec
1245 1070 1359 1108 enim
1414 1069 1596 1109 Latinus

136 1161 278 1188 sermo
303 1147 566 1203 praeteritum
589 1154 759 1198 tempus
792 1147 854 1185 rei
888 1154 1022 1199 gestae
1055 1155 1096 1185 et
1121 1161 1308 1201 praesens
1340 1150 1400 1189 rei
1428 1150 1596 1205 agendo

137 1228 304 1268 effecta:
345 1234 388 1266 et
433 1224 647 1265 manentis
691 1232 793 1264 nota
835 1223 925 1264 ulla
962 1225 1205 1280 distinguit.
1265 1227 1410 1276 Quum
1452 1238 1595 1270 autem

122 1305 272 1355 fixum
294 1304 397 1355 filie
429 1304 602 1354 dicitur,
644 1317 776 1342 unum
809 1302 1098 1358 significatur,
1134 1309 1396 1360 praeteritum
1429 1317 1599 1364 tempus

140 1387 202 1426 rei
241 1386 410 1425 ess'ectae
464 1391 506 1423 et
550 1383 592 1421 in
635 1390 749 1421 statu
796 1382 943 1438 aliquo
985 1387 1227 1436 manentis,
1284 1396 1330 1427 ut
1370 1389 1599 1444 participio

141 1472 294 1513 status,
328 1461 480 1513 verbo,
511 1475 609 1502 eum
644 1461 796 1512 fnisse,
828 1461 1087 1504 declaretur.
1153 1464 1305 1521 Itaque
1337 1464 1491 1507 Cicero
1522 1482 1599 1522 pro

143 1544 287 1586 Sestio
331 1544 401 1593 25,
438 1543 494 1583 55
539 1555 669 1597 quum
715 1540 839 1582 dicit:
881 1542 999 1596 leges
1038 1557 1164 1598 quum
1207 1558 1303 1600 quse
1343 1546 1442 1586 lalae
1485 1552 1599 1596 secut,

140 1628 226 1664 lam
250 1636 367 1673 vero,
398 1635 490 1678 quoe
510 1621 798 1675 promnlgalae
811 1621 1012 1674 ficerunt,
1043 1623 1151 1664 alias
1177 1634 1322 1666 narrat
1349 1624 1461 1666 latas
1491 1640 1603 1677 esse,

140 1702 251 1744 alias
282 1701 549 1756 aliquamdiu
576 1699 874 1755 promulgatas
899 1703 1173 1757 pependisse,
1205 1705 1444 1761 eodemque
1476 1705 1601 1746 modo

142 1796 219 1838 pro
252 1780 377 1822 Sulla
407 1782 478 1830 23,
506 1781 562 1819 65
587 1779 713 1820 dicit:
745 1780 822 1819 lex
851 1779 943 1820 dces
959 1779 1063 1830 falc
1087 1788 1314 1837 proposita
1338 1798 1528 1839 pcmcos;
1562 1794 1602 1824 et

141 1863 184 1902 iu
214 1862 411 1902 oratione
443 1860 581 1914 prima
611 1860 653 1898 in
688 1857 782 1898 Cat.
813 1862 855 1910 7,
886 1862 940 1899 16
971 1862 1070 1916 (qui
1097 1862 1181 1903 libe·
1204 1877 1402 1918 persoepe
1432 1865 1492 1905 ad
1520 1879 1599 1905 coe-

143 1941 237 1983 dem
268 1942 498 1981 constitute*
525 1937 760 1990 ficerunt),
790 1937 993 1979 habuisse
1023 1938 1260 1983 Catilinam
1294 1952 1519 1984 senatores
1552 1944 1604 1984 ad

145 2021 305 2063 caedem
341 2021 598 2058 constitutos
631 2020 735 2069 (non
772 2022 1046 2060 constituisse
1080 2022 1265 2075 tantum)
1297 2021 1533 2078 significat,
1562 2031 1605 2063 et

142 2102 186 2141 in
217 2099 368 2140 eadem
393 2097 591 2137 oratione
615 2095 637 2150 ξ
661 2097 717 2136 24
739 2097 1042 2150 (cons-tilulum
1061 2099 1183 2154 full)
1216 2116 1300 2142 uon
1332 2101 1472 2142 solum
1506 2116 1605 2142 con-

143 2181 342 2222 stitutum
373 2191 470 2219 esse
495 2177 731 2217 sacrarium
758 2177 877 2229 dicit,
905 2179 996 2230 sed,
1027 2193 1156 2234 quum
1191 2190 1306 2222 esset
1337 2181 1472 2222 semel
1507 2196 1606 2223 con-

144 2257 362 2306 stitutum,
396 2256 664 2312 aliquamdiu
698 2258 925 2298 mansisse.
984 2257 1083 2300 Non
1119 2263 1260 2301 minus
1295 2261 1423 2302 huius
1455 2262 1604 2303 forma:

147 2337 389 2389 proprietas
419 2337 582 2376 eminet
611 2337 655 2376 in
688 2345 796 2377 orat.
830 2353 907 2392 pro
940 2336 1080 2379 Balbo
1111 2339 1233 2394 §202
1271 2340 1419 2381 Tolum
1449 2340 1529 2381 lzoc
1563 2345 1605 2381 in

146 2427 197 2453 ea
227 2412 331 2462 ficit
365 2418 553 2468 positum
586 2428 751 2467 semper
794 2420 966 2457 ratione
996 2423 1128 2471 alque
1171 2423 1404 2467 seulenlae‘a,
1447 2428 1521 2460 aut
1564 2422 1605 2459 iu

239 2650 343 2680 recte
380 2645 544 2680 nausias
580 2647 626 2681 ad
663 2647 823 2694 Reisigii
865 2648 1014 2683 scholas
1052 2649 1097 2684 dc
1135 2663 1289 2696 gramm.
1318 2652 1396 2688 Lat.
1436 2659 1515 2689 not.
1542 2657 1606 2690 447

240 2712 353 2754 negat
388 2707 595 2743 discrimen
628 2722 810 2757 apparere
845 2711 945 2758 apud
971 2712 1054 2748 Cic.
1089 2712 1135 2747 de
1160 2713 1205 2748 N.
1234 2715 1279 2749 D.
1308 2715 1342 2749 ΙΙ
1371 2718 1393 2759 §
1421 2719 1483 2753 11:
1519 2720 1608 2753 vilio

245 2771 316 2804 sibi
340 2772 628 2806 tabernaculam
654 2779 805 2819 captum
827 2774 959 2818 fuisse.
1006 2775 1218 2822 Apparebit
1243 2777 1362 2823 magis
1378 2805 1387 2818 ,
1427 2779 1458 2812 si
1487 2779 1608 2814 active

243 2831 405 2867 dixeris:
430 2834 520 2869 vitio
543 2847 582 2869 se
598 2836 885 2871 tabernaculum
907 2843 1056 2884 captum
1073 2840 1260 2879 habuisse,
1285 2839 1322 2876 h.
1339 2852 1384 2879 0.,
1410 2854 1514 2875 usum
1531 2855 1609 2876 esse

245 2893 306 2937 (in
330 2895 497 2930 comitiis
523 2896 726 2942 habendis)
763 2900 1012 2935 tabernaculo
1040 2902 1128 2937 vitio
1153 2908 1264 2948 capto
1291 2904 1400 2948 (ante
1423 2903 1606 2945 comitia).
