1821 3309
1476 219 1574 269 303

168 364 385 413 bat-orum,
420 361 652 415 dupliciter
683 360 1021 415 deprehenditur
1054 370 1099 402 et
1128 363 1638 418 convincitur,'primum

165 445 213 483 in
244 442 502 497 pronomine
531 443 638 490 isli,
688 453 772 494 quo
814 447 1023 479 externos
1057 442 1421 482 mores‘nondum
1454 457 1644 484 comme-

168 521 325 561 morati
369 519 655 559 demonstrari
714 531 800 556 non
852 527 1062 571 possunt,
1116 518 1271 558 deinde
1310 520 1356 559 in
1403 521 1499 574 ipsa
1542 537 1640 562 ora-

166 600 298 639 tionis
330 606 372 637 et
402 598 630 636 sententiae
662 595 818 645 forma,
865 596 975 649 quod
1005 609 1141 635 mores
1174 597 1346 636 incitari
1375 599 1426 638 ad
1463 603 1641 655 sangui..

167 692 263 718 nem
286 677 501 725 dicuntur,
529 675 764 730 praesertim
792 669 994 713 adi'uncto
1013 673 1235 714 hominum
1257 677 1430 716 nomine
1450 678 1640 730 (Graeco-

165 756 293 808 rum),
326 756 398 809 qui
430 763 546 794 recte
580 753 750 793 incitari
783 753 998 792 dicuntur.
1077 751 1230 807 Itaque
1270 762 1386 794 recte
1420 755 1505 795 iam
1540 755 1640 797 Mo-

167 834 281 884 dius,
327 834 483 873 deinde
517 832 788 880 XVundems,
826 845 954 885 quum
994 829 1082 870 loci
1123 831 1504 886 interpolationem
1547 836 1640 874 ani-

168 912 520 960 madvertissent,
553 909 828 951 scribendum
862 909 1061 949 viderunt
1089 918 1130 949 et
1163 925 1244 964 ego
1271 911 1514 953 edideram:
1545 912 1639 953 Ex-

166 994 286 1032 terai
312 994 391 1030 isli
422 1003 581 1039 mores,
628 1003 763 1043 usque
793 987 853 1027 ml
881 991 1137 1040 sangninem
1169 992 1357 1029 incitare*
1385 990 1508 1042 odio,
1562 997 1642 1032 aut

166 1070 324 1110 levitem
362 1068 611 1108 Graecormn
648 1076 729 1109 etc.
776 1066 980 1119 (Externi
1015 1067 1087 1105 isti
1121 1075 1222 1106 sunt
1256 1081 1423 1116 mores,
1454 1083 1562 1124 quos
1594 1079 1639 1110 tu

163 1148 370 1188 inducere
405 1147 601 1195 conaris,
645 1147 751 1192 etc.)
829 1143 921 1185 Nec
965 1146 1271 1198 praestringere
1303 1147 1441 1187 aciem
1476 1149 1521 1187 in
1554 1147 1637 1190 hoc

163 1225 261 1266 loco
308 1224 504 1265 codicum
551 1224 824 1263 auctoritatis
865 1222 1071 1277 splendor
1118 1222 1319 1266 debebat.
1386 1225 1498 1266 Nam
1532 1243 1639 1283 pau-

166 1306 228 1345 cis
258 1312 358 1344 ante
394 1286 672 1342 versibus'hi
705 1302 894 1342 editores
926 1301 1121 1342 scribunt
1150 1311 1291 1344 recte:
1346 1303 1458 1345 Hoec
1500 1306 1638 1347 admi-

167 1381 356 1430 rabilia,
405 1380 482 1420 sed
519 1380 720 1434 prodigii
760 1380 902 1420 simile
933 1385 1018 1430 est,
1058 1380 1174 1434 quod
1214 1381 1381 1432 dicam,
1428 1392 1472 1423 ut
1504 1387 1638 1426 ceteri

167 1462 435 1502 recentiores
479 1461 579 1513 (nisi
622 1459 734 1513 quod
780 1466 880 1497 ante
925 1473 992 1498 me
1027 1467 1141 1501 eratz
1182 1459 1464 1502 «cladrubilessa
1493 1466 1633 1517 sunl).

168 1540 332 1581 Verum
377 1553 428 1578 ea
475 1539 689 1592 scriptura
734 1546 952 1576 auctorem
998 1536 1127 1577 habet
1165 1552 1293 1578 unum
1328 1540 1518 1582 codicem
1554 1541 1638 1585 Co-

164 1618 437 1664 loniensem3
483 1617 527 1656 in
575 1615 756 1670 reliquis
798 1623 841 1655 et
873 1614 998 1655 bonis
1033 1624 1075 1656 et
1108 1615 1234 1656 malis
1266 1622 1484 1660 sententia
1513 1635 1638 1662 erer-

164 1700 269 1738 titur
301 1696 381 1736 hac
415 1696 651 1750 scriptura:
687 1693 795 1733 Hoec
825 1707 910 1733 non
941 1693 1063 1734 modo
1096 1695 1320 1737 mirabilia
1357 1695 1532 1755 [smcl],
1560 1700 1639 1741 sed

167 1784 249 1816 etc.
326 1772 543 1814 voluerat
596 1773 712 1812 enim
759 1771 918 1827 aliquis
967 1773 1268 1828 gradationem
1313 1784 1355 1816 et
1407 1791 1636 1819 ascensum

164 1854 375 1896 orationis
423 1860 575 1891 notare
624 1865 703 1890 nec
733 1850 1047 1900 intellexerat,
1078 1861 1167 1892 tum
1196 1855 1259 1893 sic
1293 1853 1383 1894 haec
1414 1855 1638 1897 dilatanda

165 1944 288 1973 esse:
345 1930 451 1971 Hoec
502 1927 786 1969 admircebe’lc'a
830 1929 1064 1982 (tantum),·
1115 1931 1231 1970 illud
1243 1960 1254 1980 ,
1310 1932 1426 1985 qnod
1478 1933 1636 1985 dicam,

165 2024 251 2052 ηοιι
288 2009 409 2049 modo
449 2006 732 2056 admirabile,
788 2007 866 2047 secl
915 2008 1119 2062 prodigii
1168 2009 1310 2049 simile
1358 2016 1435 2051 est.
1513 2011 1635 2053 Idem

164 2089 307 2131 codex
342 2089 383 2128 in
426 2086 534 2138 §24
574 2084 695 2125 solus
742 2100 888 2126 veram
930 2087 1189 2140 scripturam
1231 2090 1442 2129 servavit.
1520 2090 1635 2132 Nam

163 2175 396 2223 postquam
444 2163 600 2204 Cicero
646 2178 704 2203 ex
748 2165 1013 2204 adversariis
1057 2167 1286 2219 quaesivit,
1346 2168 1446 2222 quid
1480 2169 1636 2211 facturi

163 2246 352 2294 fuerint,
403 2244 626 2298 corrigens
673 2257 720 2283 se
765 2252 897 2298 negat
938 2243 1277 2298 interrogando,
1341 2259 1452 2300 opus
1499 2248 1635 2288 fuisse

165 2336 381 2380 quaerere:
440 2321 734 2376 Quamquam,
787 2321 894 2376 quid
928 2320 1114 2372 facturi
1160 2322 1377 2374 fecer-ills,
1430 2325 1635 2376 dubitem,

167 2416 290 2458 qnam
323 2400 518 2448 videam,
567 2397 931 2453 quidfecerc'le‘s?
974 2398 1119 2447 Quum
1161 2399 1329 2441 librarii
1376 2415 1462 2442 non
1506 2403 1636 2444 intel-

162 2480 379 2535 ligerent,
432 2478 712 2518 coniunctivo
742 2477 869 2517 modo
903 2478 966 2516 sic
995 2479 1284 2533 interrogari,
1325 2488 1372 2519 ut
1403 2481 1444 2519 ei
1475 2482 1538 2521 rei
1570 2480 1636 2522 lo-

164 2573 261 2601 cum
304 2571 390 2597 non
438 2570 534 2596 esse
578 2553 902 2608 significaretur
948 2556 1077 2610 (quod
1121 2571 1173 2596 ne
1217 2556 1418 2598 Graevius
1459 2559 1631 2614 quidem

164 2652 269 2688 nec,
324 2636 397 2691 qui
442 2635 482 2675 ei
524 2633 732 2684 credidit,
783 2630 1030 2674 Beneckius
1080 2633 1359 2677 intellexisse
1416 2638 1635 2689 videntur,

166 2716 249 2756 etsi
287 2713 373 2754 sibi
416 2721 692 2768 repugnant3
747 2712 990 2753 concedunt
1044 2715 1160 2754 enim
1210 2723 1327 2756 recte
1377 2715 1487 2756 dici:
1543 2716 1633 2767 sed,

166 2791 274 2849 quid
298 2790 484 2841 facturi
503 2790 724 2841 fueritis,
767 2790 990 2853 dubitem?
1039 2794 1164 2847 quasi
1197 2794 1240 2833 in
1274 2793 1355 2835 hac
1387 2794 1635 2849 corrigendi

165 2868 310 2925 figura
351 2883 440 2910 non
480 2869 664 2910 eandem
701 2869 916 2911 rationem
947 2883 1203 2925 quamquam
1228 2870 1406 2927 habeat)
1436 2896 1515 2924 ——-,
1556 2872 1633 2913 sed
