1821 3309
1385 193 1484 242 267

94 345 137 376 et
168 349 368 392 magnam
399 342 564 391 partem
595 335 965 377 demonstratione
1007 334 1249 375 communis
1283 336 1553 375 auctoritatis

94 414 393 455 defendentur.

205 491 385 532 Catonis
418 493 609 532 codicem
657 491 866 541 onmium,
912 493 985 545 qui
1031 492 1203 546 quidem
1244 492 1335 531 noti
1379 492 1482 540 sint,
1512 498 1553 530 et

94 570 442 624 mitiquissimum
485 577 527 608 et
563 571 770 621 optimum
806 578 975 609 constat
1007 583 1102 609 esse
1135 570 1304 624 regium
1337 568 1555 609 Parisien-

91 661 201 698 sem,
231 661 356 703 quem
391 646 587 687 Orellius
621 661 716 687 cum
749 647 866 687 edita
896 649 1109 702 scriptura
1141 647 1450 687 conferendum
1483 660 1555 686 cu·

95 728 221 767 ravit.
289 726 374 767 Sed
407 726 479 780 qni
514 725 556 766 id
592 727 814 781 negotium
851 734 1119 780 susceperat,
1150 724 1290 765 Iulius
1320 723 1556 779 BergeruS‚

95 803 223 844 valde
253 803 539 859 indiligentur
571 819 622 844 eo
656 805 830 845 functus
862 814 944 856 est,
977 814 1023 845 ut
1054 803 1254 858 plurimis
1289 801 1397 843 locis
1428 801 1556 842 Orel-

94 882 180 923 lius
223 890 280 931 et,
329 885 401 937 qui
439 897 534 923 eum
569 885 707 923 secuti
739 891 854 934 sunt,
888 883 1204 939 deciperentur.
1271 880 1317 921 Id
1351 881 1556 934 perspexi

96 975 155 1001 ex
187 961 391 1015 diligenti
421 962 514 1001 eius
547 962 708 1002 codicis
736 961 986 1012 collatione,
1019 974 1144 1016 quam
1183 960 1247 1000 vir
1278 960 1556 1000 doctissimus

96 1039 288 1094 mihique
330 1040 636 1090 amicissimus,
684 1039 780 1080 Nic.
823 1039 874 1079 B.
926 1039 1187 1092 Krarupius‚
1227 1051 1252 1076 a
1296 1050 1343 1076 se
1378 1036 1557 1076 Parisiis

97 1117 354 1167 consectam,
383 1117 491 1157 mihi
524 1118 690 1158 eximia
720 1117 1003 1167 liberalitate,
1034 1124 1081 1155 ut
1108 1114 1197 1155 alia
1231 1115 1411 1170 egregia
1435 1112 1558 1154 Cice-

96 1196 214 1235 ronis
236 1193 446 1236 librorum
472 1196 839 1237 emendandorum
863 1195 1074 1246 subsidia,
1098 1193 1301 1234 utendam
1330 1193 1559 1233 concessit.

97 1272 250 1329 Neque
282 1288 351 1314 res
382 1273 515 1315 dubia
549 1274 639 1314 ullo
672 1275 799 1315 modo
831 1284 938 1326 erat,
969 1288 1099 1330 quum
1137 1287 1234 1314 raro
1265 1271 1474 1326 Krarupii
1504 1271 1561 1310 si-

94 1351 277 1393 lentium
313 1351 507 1408 Bergero
552 1361 834 1408 repugnaret,
873 1353 946 1393 sed
977 1353 1068 1393 fere
1103 1352 1204 1391 huic
1235 1350 1395 1390 tacenti
1427 1362 1561 1402 oppo-

99 1439 275 1471 neretur
319 1445 344 1471 a
388 1430 608 1486 Krarupio
658 1440 835 1471 enotata
886 1432 1100 1486 scriptura
1144 1428 1197 1469 ab
1240 1443 1293 1469 eo
1336 1426 1562 1482 exemplo,

98 1523 183 1564 quo
228 1507 445 1560 utebatur,
493 1510 758 1564 discrepans.
825 1509 976 1564 Itaque
1023 1522 1136 1548 nunc
1179 1507 1352 1547 demum
1386 1519 1563 1561 prorsus

101 1586 383 1628 confirmatur
423 1583 532 1627 illud
578 1588 629 1628 de
676 1587 804 1627 huius
847 1588 1008 1628 codicis
1048 1586 1299 1642 praestantia
1334 1585 1564 1631 iudicium;

101 1673 229 1706 antea
274 1667 388 1706 enim
431 1674 602 1718 poterat
643 1666 801 1715 videri,
842 1666 1042 1721 quamvis
1078 1672 1193 1705 esset
1224 1662 1443 1718 antiquum,
1477 1676 1562 1702 non

101 1756 261 1798 paucus
304 1742 467 1784 habere
514 1743 762 1798 vulgarium
809 1744 1005 1785 codicum
1049 1751 1091 1783 et
1128 1741 1367 1782 editionum
1405 1754 1564 1795 pravas

100 1830 141 1862 et
183 1821 472 1876 interpolatas
514 1823 765 1877 scripturas,
808 1835 915 1877 quas
955 1821 1112 1876 reliqui
1152 1819 1356 1861 meliores
1394 1819 1564 1859 codices

100 1915 184 1942 non
218 1900 455 1949 haberent;
498 1915 611 1941 nunc
656 1901 720 1953 (ut
762 1899 829 1940 his
875 1901 989 1953 utar)
1044 1906 1229 1949 constat,
1269 1911 1408 1952 neque
1439 1897 1564 1936 initio

100 1979 241 2020 libelli
264 1978 506 2020 abhorrens
531 1978 642 2018 illud
669 1977 722 2017 ab
751 1976 882 2017 Ennii
911 1991 1039 2018 versu
1055 1979 1199 2030 prelii
1226 1976 1269 2014 in
1305 1973 1384 2013 illo
1417 1972 1565 2013 codice

102 2072 212 2107 esse,
247 2071 387 2112 neque
418 2056 443 2110 ξ
473 2058 528 2096 48
551 2069 707 2111 prope,
735 2056 827 2106 sed,
866 2064 912 2095 ut
954 2054 1067 2109 apud
1101 2052 1295 2094 Nonium
1327 2059 1369 2092 et
1400 2052 1443 2091 in
1473 2050 1566 2091 cod.

103 2135 208 2186 Erf„
231 2140 437 2189 p1·opler‚·
470 2149 549 2175 nec
576 2137 598 2186 ξ
621 2136 673 2174 21
709 2149 838 2175 verae
860 2135 1084 2189 scripturae
1107 2132 1381 2186 (quemquam
1408 2130 1566 2180 senem)

103 2221 254 2254 contra
282 2227 533 2268 perversam
559 2213 837 2267 partitionem
863 2212 1133 2267 (quemqnam
1155 2208 1319 2261 senum)
1351 2206 1421 2248 hic
1446 2208 1568 2246 testis

104 2292 240 2332 deest.
301 2290 445 2339 Quum
476 2292 627 2346 igitur,
657 2289 886 2331 brevitatis
916 2289 1076 2337 studio,
1109 2302 1194 2328 non
1223 2299 1396 2327 omnem
1431 2285 1568 2325 varie-

104 2378 235 2410 tatem
267 2370 492 2423 scripturae
522 2369 765 2408 iterandam
805 2376 1002 2421 putarem
1042 2369 1188 2416 (nemo
1221 2365 1351 2411 enim,
1384 2362 1457 2415 qui
1488 2361 1568 2401 cri-

105 2447 190 2487 tica
234 2453 416 2496 tractat,
465 2445 693 2486 Orelliano
737 2443 945 2496 exemplo
989 2443 1140 2495 caret),
1189 2441 1289 2480 huic
1325 2439 1566 2494 praefationi

104 2524 456 2579 supplementum
504 2532 545 2563 et
585 2523 901 2563 correctionem
955 2534 1121 2571 eorum,
1167 2533 1260 2574 quae
1295 2517 1410 2572 apud
1442 2515 1568 2557 Orel-

104 2603 211 2643 lium
255 2603 308 2642 de
355 2601 501 2642 codice
539 2602 664 2656 regio
708 2600 950 2651 traduntur,
995 2597 1178 2647 subieci,
1210 2597 1361 2652 paucis
1399 2608 1570 2650 quoque

108 2681 214 2723 locis
238 2681 470 2729 adnotatiS,
498 2680 540 2719 in
571 2678 728 2734 quibus
758 2680 922 2719 amicus
953 2691 1074 2718 meus
1102 2674 1283 2730 aliquid,
1314 2681 1359 2712 ut
1391 2671 1454 2722 fit,
1484 2685 1569 2712 non

108 2759 469 2800 animadvertisse
513 2757 652 2798 videri
691 2759 854 2812 possit3
898 2769 1156 2812 quamquam
1202 2751 1299 2793 fieri
1330 2758 1490 2805 potest,
1524 2758 1570 2789 ut

109 2838 330 2891 scripturae
375 2852 398 2877 u
429 2835 622 2892 Bergero
654 2843 873 2888 excerptae
911 2833 1110 2876 secundae
1144 2833 1230 2873 sint
1262 2843 1432 2880 manus,
1464 2840 1570 2882 qua-‘3
