1821 3309
1380 233 1478 282 275

83 372 264 424 delevit,
299 372 410 427 quod
439 371 696 413 vocabulum
733 381 773 412 et
806 374 847 412 in
873 371 1074 412 omnibus
1106 382 1169 413 est
1197 373 1433 428 codicibus,
1465 391 1542 417 ex-

84 460 209 507 cepto
243 466 328 492 uno
366 449 533 499 Oxou„
565 459 607 490 et
639 458 755 490 certo
789 449 886 490 loco
917 451 1107 504 positum
1148 453 1260 493 inter
1289 453 1546 496 dimetiendi

83 539 126 571 et
162 532 286 578 cael2'3
320 537 469 569 contra
503 528 720 569 moriendi
748 527 881 568 verbo
917 542 1043 568 nemo
1078 533 1420 572 controversiam
1452 547 1543 573 ino-

82 611 161 660 vit‚
205 607 316 663 quod
363 607 404 646 in
438 605 588 647 codice
622 608 745 662 regio
782 608 1009 656 omittitur,
1042 607 1085 646 in
1121 608 1267 648 codice
1296 609 1542 651 Erfurtensi

81 689 124 728 in
170 700 322 728 rasura
366 692 457 735 est,
496 686 539 724 in
583 684 683 725 aliis
723 683 944 726 codicibus
985 688 1282 741 transponitur
1324 702 1409 728 non
1455 704 1540 730 uno

80 765 224 806 modo.
297 765 570 806 Sententiam
614 763 696 804 hoc
745 763 954 815 verbum,
997 767 1263 820 transposito
1303 781 1453 820 queue,
1496 779 1540 808 ut

81 859 176 886 cum
209 858 260 884 eo
289 844 497 898 coniungi
529 844 679 897 possit,
713 857 808 883 eam
833 841 980 892 efficit,
1013 858 1105 898 quae
1137 846 1220 884 etsi
1251 845 1356 886 ferri
1389 849 1540 901 possit,

79 931 226 964 tamen
268 937 347 963 nec
389 924 484 975 ipsa
527 923 753 977 aptissima
783 923 838 962 sit
873 923 1031 977 (neque
1063 924 1177 963 enim
1212 924 1264 963 de
1296 925 1450 965 studiis
1488 925 1540 966 ad

80 1001 282 1042 ultimum
329 1003 428 1042 vitae
476 1010 646 1056 tenipus
682 1002 863 1040 retentis
892 1000 974 1040 hoc
1006 1000 1104 1041 loco
1139 1003 1302 1054 agitur,
1333 1003 1407 1042 sed
1441 1005 1543 1043 uni-

80 1082 252 1121 versius
291 1080 344 1121 de
391 1087 615 1120 senectute
656 1080 699 1118 in
745 1079 901 1118 studiis
949 1083 1177 1133 occupata)
1225 1094 1304 1120 nec
1340 1095 1435 1120 cum
1472 1082 1540 1129 iis,

79 1172 174 1214 quae
215 1167 471 1214 sequuntur,
517 1158 679 1212 optime
724 1158 1038 1212 coniungatur3
1082 1172 1178 1198 nam
1228 1159 1397 1200 minora
1440 1175 1540 1215 gra-

81 1238 193 1278 viori
219 1238 531 1285 subiiciuntur;
569 1238 729 1277 omisso
761 1244 905 1276 autem
928 1249 1054 1290 paelee
1084 1247 1158 1277 aut
1188 1236 1248 1278 ibi
1275 1238 1432 1291 posito,
1466 1237 1541 1278 ubi

79 1316 249 1357 codices
291 1316 330 1356 id
380 1315 566 1366 habent,
621 1316 839 1356 sententia
884 1330 1092 1368 perversa
1137 1314 1350 1365 efficitur-3
1390 1317 1539 1371 incipit

79 1396 194 1436 enim
229 1394 384 1435 Cicero
417 1395 468 1434 de
501 1402 637 1434 morte
670 1393 853 1448 Sulpicii
881 1395 1040 1442 dicere,
1069 1394 1224 1434 deinde
1269 1395 1321 1434 de
1353 1394 1541 1435 delecta-

79 1475 197 1514 tione
227 1474 465 1513 senectutis
499 1472 706 1527 loquitur.
774 1472 934 1513 Deleto
976 1481 1119 1513 autem
1168 1471 1383 1514 vocabulo
1419 1478 1539 1521 mori,

79 1552 225 1611 onmia
269 1552 494 1606 aptissima
538 1550 670 1598 fiunt3
728 1553 910 1603 primum
965 1553 1106 1602 enim,
1161 1553 1282 1592 cuius
1327 1552 1459 1592 studii
1497 1553 1539 1592 iu

79 1628 208 1671 Gallo
239 1638 373 1670 testes
404 1630 581 1680 fuerint,
624 1628 732 1670 Cato
768 1629 887 1680 dicit,
923 1630 1094 1681 deinde,
1130 1639 1336 1686 quantum
1368 1630 1410 1669 id
1444 1629 1539 1670 fue-

77 1711 148 1760 rit,
183 1710 386 1764 exponit.
453 1709 598 1750 Prima
631 1707 710 1748 illa
741 1710 957 1749 sententia
1000 1723 1130 1764 quum
1170 1723 1246 1763 per
1286 1723 1332 1748 se
1365 1718 1539 1762 accepta

78 1789 207 1829 nimis
233 1788 456 1829 videretur
481 1789 646 1837 ieiuna,
678 1786 846 1827 librarii
880 1788 1129 1842 graviorem
1162 1775 1342 1827 reddere
1367 1787 1541 1827 studue-

77 1875 191 1908 runt.
254 1866 454 1921 Atpoene
483 1865 597 1906 male
628 1864 766 1906 altero
796 1865 893 1906 loco
918 1867 1020 1921 poni
1050 1867 1186 1906 aiunt.
1244 1865 1422 1916 Nescio,
1452 1879 1540 1906 cur.

77 1943 188 1987 Nam
221 1960 301 1986 nec
333 1944 485 1985 caeluin
518 1959 620 1985 vere
655 1945 882 1999 quisquam
908 1944 1130 1984 dimensus
1165 1951 1245 1993 est,
1275 1951 1317 1983 et
1343 1943 1538 1984 Romano

79 2025 244 2066 homini
272 2036 511 2079 parumque
543 2021 764 2063 subtiliter
796 2022 989 2077 loquenti
1022 2021 1074 2061 de
1105 2020 1236 2061 rebus
1269 2019 1542 2061 mathemati-

78 2105 139 2144 cis
183 2104 262 2144 vix
298 2110 454 2142 terrain
501 2114 677 2155 prorsus
712 2101 901 2141 dimetiri
941 2101 1167 2156 quisquam
1203 2112 1330 2154 posse
1362 2097 1541 2139 videba-

78 2191 162 2224 tur.
226 2180 378 2235 Itaque
413 2178 523 2220 Cato
567 2177 745 2220 Gallum
788 2192 916 2234 poene
955 2178 1103 2220 caelum
1141 2186 1183 2219 et
1216 2185 1374 2218 terrain
1406 2175 1541 2216 dime-

77 2261 147 2302 tiri
181 2258 374 2300 voluisse
409 2257 527 2298 dicit.

189 2336 296 2393 Cap.
329 2338 398 2387 17,
441 2337 497 2377 50
528 2335 762 2377 edebatur:
811 2336 1068 2377 Condae'lc‘ora
1094 2332 1225 2384 facit
1255 2332 1348 2374 hoec
1390 2344 1538 2385 super-

77 2418 266 2457 vacanei
307 2418 438 2455 etiam
475 2417 618 2467 operis
652 2416 882 2467 aucupium
919 2419 1050 2467 alque
1076 2414 1277 2458 venusto,-
1311 2409 1423 2464 quod
1456 2422 1540 2463 ego

80 2508 258 2542 vereor,
302 2500 348 2531 ut
391 2500 509 2532 recte
555 2492 752 2538 dicatur3
803 2504 902 2530 nam
950 2493 1180 2544 aeccapz'um
1224 2495 1542 2542 supervacuum⁴

77 2575 221 2627 operis
261 2584 347 2611 non
390 2568 655 2625 intelligitur
700 2569 906 2609 universe
953 2583 1081 2609 omne
1122 2567 1383 2622 aucupium,
1429 2564 1542 2620 quod

77 2663 249 2705 semper
281 2662 654 2704 supervacaneum
689 2661 798 2701 opus
829 2646 1004 2698 habeat,
1037 2646 1112 2687 sed
1144 2645 1186 2685 id
1219 2644 1451 2698 aucupium
1482 2641 1540 2696 (id

79 2730 173 2769 eius
206 2730 381 2783 genus),
425 2727 538 2783 quod
582 2740 956 2782 supervacaneum
1005 2738 1114 2780 opus
1159 2721 1344 2769 habeat3
1389 2735 1469 2761 nec
1500 2720 1543 2760 id

78 2808 220 2862 ipsum
267 2814 430 2846 rectum
475 2814 557 2856 est,
598 2805 777 2859 adiungi
815 2803 927 2844 hanc
970 2811 1174 2859 tanquam
1210 2800 1546 2854 descriptionem

82 2884 272 2939 aucupii,
317 2897 445 2938 quum
482 2883 573 2925 haec
605 2883 750 2938 potius
792 2883 1008 2924 sententia
1039 2882 1109 2931 sit,
1151 2881 1307 2921 ceteris
1339 2876 1543 2932 operibus

1222 2964 1277 2994 ιθ·
