1821 3309
302 189 398 240 170

228 328 328 371 Non
372 327 488 383 fugit
530 325 736 377 editores,
772 339 924 366 vocem
956 323 1024 367 lats
1056 327 1101 366 in
1138 339 1179 368 ν.
1213 327 1298 367 114
1328 341 1477 383 parum
1511 341 1699 369 commo—

228 406 327 448 dam
371 419 467 447 esse
511 420 561 447 ac
607 407 753 461 potius
797 402 928 459 plane
965 402 1171 446 alienam.
1237 404 1414 455 Quibus
1448 407 1564 447 enim
1599 404 1698 447 aliis

226 484 359 527 rebus
402 486 487 526 nisi
533 499 612 526 suo
659 485 756 539 ipsa
786 496 895 523 sono
934 497 1023 524 vox
1066 482 1159 535 illa,
1206 498 1335 540 quam
1379 484 1466 527 Aio
1513 482 1698 526 Locutio

228 563 492 614 tribuerunt,
522 562 745 604 Romanos
777 563 944 602 monuit
960 562 976 603 ’ἔ
1007 562 1063 602 Et
1093 561 1167 603 ubi
1199 577 1260 604 eae
1291 563 1551 620 significatae
1582 572 1699 616 sunt,

228 652 275 683 ut
307 641 384 683 illo
410 643 667 695 pronomine
690 641 981 682 demonstrari
1012 641 1212 696 possint}
1245 641 1396 698 Itaque
1427 640 1698 683 Marshallus

224 720 301 762 leo-s·
331 720 463 762 scribi
494 719 650 770 voluit,
680 718 869 760 barbaro
901 718 1107 774 loquendi
1136 734 1313 774 genere,
1347 721 1583 776 Rupertius
1612 717 1699 770 hic,

225 802 351 857 quasi
384 799 628 841 cavendum
668 807 807 854 poetae
842 798 991 848 fuerit,
1023 812 1077 838 ne
1110 812 1203 839 vox
1238 800 1371 840 missa
1402 799 1586 840 mediam
1612 811 1698 853 per

226 878 372 921 urbem
423 877 530 919 alibi
582 877 805 919 Romanos
858 877 1080 918 monuisse
1135 877 1400 920 crederetur.
1425 878 1472 931 ¹).
1537 877 1699 919 Omnia

226 960 455 1015 perspicua
491 966 618 998 erunt
649 957 848 997 oratione
880 957 943 997 sic
974 954 1232 997 distributa:

1415 1075 1459 1107 et
1491 1080 1582 1109 vox

492 1145 631 1188 Nocte
672 1146 765 1187 fere
802 1145 945 1187 media
991 1145 1266 1200 mediamque
1302 1145 1449 1186 audita
1484 1146 1586 1201 (est)
1620 1159 1694 1200 per

1414 1223 1582 1275 urbem,

488 1301 642 1343 Litore
675 1301 728 1343 ab
761 1301 931 1343 Oceani
965 1300 1108 1343 Gallis
1143 1301 1423 1343 venientibus
1458 1311 1501 1343 et
1535 1303 1600 1344 dis

493 1378 700 1422 Officium
735 1381 848 1422 vatis
881 1378 1210 1436 peragentibus.
1274 1379 1357 1421 His
1388 1379 1492 1436 (hac
1519 1395 1623 1423 voce
1654 1389 1693 1422 et

813 1458 1062 1501 huiusmodi
1091 1458 1255 1513 signis)
1289 1461 1457 1500 monuit
1488 1474 1582 1510 nos,

487 1538 614 1580 Hanc
646 1538 777 1580 rebus
807 1538 949 1580 Latiis
973 1552 1120 1579 curam
1153 1546 1362 1592 praestare
1405 1537 1575 1580 solebat

488 1616 659 1659 Fictilis
693 1625 736 1658 et
767 1617 889 1659 nullo
920 1616 1111 1660 violatus
1145 1615 1344 1673 Iuppiter
1377 1632 1499 1659 auro.

222 1730 324 1786 Ipsa
366 1729 589 1784 anaphora
631 1730 903 1786 pronominis
944 1743 1094 1770 veram
1128 1729 1454 1770 distinctionem
1487 1729 1691 1779 ostendit,

223 1822 351 1864 quam
378 1806 630 1849 obscuravit
661 1809 839 1849 omissio
869 1805 994 1849 verbi
1023 1805 1288 1848 substantivi
1320 1815 1363 1847 et
1395 1820 1548 1848 versus
1578 1808 1691 1848 inter

221 1887 328 1928 duas
358 1888 599 1928 sententias
630 1887 812 1928 divisus.
878 1886 976 1927 Hoc
1017 1886 1191 1942 quidem
1226 1899 1312 1926 non
1354 1884 1437 1926 hoc
1471 1899 1557 1926 uno
1591 1883 1690 1927 loco

218 1974 359 2021 poetae
390 1966 551 2006 nocuit.
609 1964 723 2007 Nam
751 1967 795 2006 in
825 1965 961 2005 satira
991 1963 1196 2014 secunda,
1226 1978 1310 2019 quo
1342 1962 1439 2004 loco
1465 1962 1690 2005 Iuvenalis

221 2045 341 2094 dicit,
374 2052 572 2085 veterum
615 2043 793 2085 illorum
835 2042 1133 2084 Romanorum
1175 2040 1351 2084 umbras
1382 2042 1498 2098 apud
1527 2042 1690 2084 inferos

221 2122 458 2178 indignari,
489 2124 661 2178 quoties
685 2122 816 2163 foeda
847 2131 888 2162 et
909 2120 1134 2162 maculosa
1169 2120 1271 2161 talis
1302 2120 1507 2173 hominis,
1538 2120 1690 2177 quales

223 2215 337 2242 nunc
365 2199 493 2242 multi
524 2202 626 2252 sint,
657 2199 811 2241 umbra
841 2199 894 2240 ad
926 2212 1002 2240 eos
1027 2199 1192 2250 veniat,
1223 2206 1266 2239 et
1292 2198 1448 2239 deinde
1474 2198 1689 2255 adiungit,

222 2278 333 2321 fines
359 2278 532 2335 quidem
564 2280 737 2333 imperii
761 2277 971 2333 prolatOS‚
1009 2277 1084 2317 sed
1124 2278 1264 2319 victos
1290 2285 1435 2319 tamen
1459 2284 1503 2317 et
1532 2275 1688 2319 barba-

221 2371 293 2399 ros
319 2356 511 2399 moribus
538 2355 798 2398 castioribus
827 2370 923 2398 esse
941 2370 1069 2412 quam
1096 2354 1334 2407 Romanos,
1377 2368 1560 2411 quorum
1583 2354 1686 2397 urbs

221 2435 435 2479 scelerum
468 2434 739 2477 domicilium
773 2436 844 2487 sit,
889 2433 934 2476 hi
965 2432 1173 2490 leguntur
1202 2447 1358 2475 versus
1389 2433 1496 2488 (157
1524 2435 1655 2491 sqq.):

667 2544 890 2603 Cuperent
919 2546 1115 2599 lustrari,
1157 2545 1196 2586 si
1226 2559 1311 2602 qua
1342 2545 1549 2587 darentur

489 2623 713 2681 Sulphura
741 2639 839 2668 cum
870 2625 993 2668 taedis
1027 2633 1070 2668 et
1100 2625 1138 2667 si
1168 2624 1283 2668 foret
1312 2621 1491 2666 humida
1519 2621 1685 2664 laurus.

251 2788 284 2832 ¹)
312 2785 457 2832 [Nihilo
492 2786 630 2822 melius
658 2787 909 2824 Heinriehius
937 2789 1024 2825 hinc
1049 2787 1123 2833 legi
1148 2785 1250 2826 vu1t;
1298 2785 1343 2821 G.
1367 2784 1414 2821 Ε.
1440 2783 1590 2821 Weber
1624 2786 1684 2821 hic

313 2848 409 2884 mire
437 2848 713 2895 interpretatur
743 2849 867 2889 dahel,
896 2849 958 2885 bei
984 2848 1116 2886 diesen
1140 2846 1341 2884 einfachen
1367 2845 1523 2891 Sitten.]
