1821 3309
1480 142 1570 191 101

275 280 343 323 Ne
379 283 423 323 in
460 282 683 324 inferioris
719 282 893 340 quidem
918 283 1060 323 aetatis
1085 287 1125 323 et
1142 297 1281 338 prosae
1301 285 1514 326 orationis
1539 285 1642 325 seri-

154 360 361 416 ptoribus
389 361 476 403 alio
515 365 690 403 nomine
726 363 934 406 utendum
969 363 1103 402 estin
1136 363 1356 418 frequenti
1393 363 1524 404 huius
1555 363 1642 404 for-

155 436 236 480 mae
267 453 350 481 usu
376 450 476 495 post
500 445 554 491 si,
587 455 730 496 quam,
768 440 846 480 abi
866 440 1066 495 aliasque
1101 441 1339 494 particulas
1376 450 1450 482 aut
1483 454 1641 497 prono·

154 531 252 558 men
273 516 508 559 relativum
524 521 567 560 iu
584 521 814 560 sententiis
836 519 886 559 ad
910 519 1103 559 futurum
1134 528 1305 575 tempus
1327 519 1494 570 relatis,
1517 518 1637 560 velut

154 596 267 651 apud
294 594 386 638 Cic.
416 597 468 638 ad
502 597 659 639 Famii.
680 597 715 649 Ι,
743 601 784 648 ’7,
819 599 898 639 22:
934 597 1044 638 Hcec
1071 597 1274 651 profecto
1306 598 1440 648 eides,
1475 602 1637 653 quanto

151 675 400 717 illustriora
417 675 589 726 futura
620 681 723 728 siut,
755 692 882 734 quum
915 678 1188 731 aliquantum
1222 690 1281 718 ea:
1308 681 1545 732 provincia
1572 682 1639 717 at-

149 767 232 811 que
266 767 326 796 ex
356 759 539 810 imperio
568 756 716 797 laudis
750 760 1015 804 accesserim
1059 765 1134 796 aut
1182 771 1260 812 pro
1304 756 1431 798 Sulla
1465 758 1516 807 9,
1560 757 1635 796 27:

150 837 260 875 satis
290 834 492 889 adeptam
511 834 648 887 fore,
691 839 733 876 ει·
766 837 930 876 nullam
951 839 1007 878 „in
1044 849 1110 875 <me
1132 837 1380 889 periculam
1413 833 1634 876 redunda-

143 916 218 954 rae'l.
284 912 438 969 Neque
471 916 585 954 enim
620 916 733 970 quod
770 917 812 955 in
851 916 1052 969 passivo,
1101 916 1264 955 omissa
1296 915 1431 955 futuri
1463 911 1634 970 siguifi-

148 995 345 1043 catione,
406 1007 500 1048 quae
564 995 802 1034 assumitur
859 1007 917 1033 ex
976 993 1196 1032 sententia
1241 993 1475 1047 primaria,
1525 1005 1634 1047 pra!-

145 1074 273 1114 terito
319 1080 500 1112 utuntur
551 1070 708 1112 saltem
754 1072 805 1112 ad
843 1072 1059 1112 actionem
1105 1071 1344 1126 perfectam
1379 1071 1631 1120 notandam,

141 1151 184 1192 id
222 1150 275 1191 ad
311 1153 503 1192 activum
541 1151 893 1192 transferendum
927 1151 1135 1191 coutinuo
1169 1159 1258 1200 est3
1292 1151 1628 1207 necquidquam

143 1244 202 1271 ex
234 1243 287 1271 eo
319 1228 534 1281 efficitur,
591 1229 704 1285 quod
740 1231 783 1270 in
817 1232 1019 1271 oratione
1061 1245 1121 1272 ex
1159 1232 1381 1286 pra-terito
1414 1243 1630 1286 suspensa

139 1309 621 1366 plusquamperfectum
656 1307 719 1349 fit.
771 1309 1023 1350 Destitutus
1059 1312 1175 1350 enim
1209 1324 1354 1350 sermo
1388 1310 1540 1349 formis
1573 1308 1625 1349 ad

142 1389 324 1431 eandem
360 1390 518 1429 seriem
554 1397 799 1444 temporum
839 1389 1074 1429 notandam
1113 1390 1155 1429 in
1189 1391 1392 1430 oratioue
1426 1386 1478 1428 ad
1516 1400 1625 1442 prm·

140 1470 316 1510 teritum
362 1466 501 1508 relata
551 1469 801 1508 necessario
857 1469 994 1508 utitur
1037 1469 1152 1508 notis
1202 1469 1343 1508 minus
1391 1466 1626 1507 distinctis.

138 1547 186 1589 In
235 1547 476 1604 perfectum
523 1546 615 1588 haee
659 1547 801 1588 forma
838 1548 1107 1588 coniunctis-i
1153 1556 1242 1588 tum
1277 1547 1458 1595 transit,
1490 1558 1623 1601 quum

137 1626 373 1681 respondet
416 1626 657 1666 indicativo
704 1626 916 1681 perfecti,
965 1625 1087 1666 velut
1131 1641 1187 1667 ex
1241 1642 1319 1678 eo,
1376 1625 1491 1682 quod
1533 1634 1624 1665 est:

136 1720 262 1763 quum
299 1719 400 1746 usas
432 1705 729 1759 progrediens
774 1704 1135 1752 familiaritatem
1173 1706 1350 1756 effecit,
1382 1711 1470 1744 tum
1503 1716 1624 1744 amor

139 1786 395 1840 efflorescit,
438 1781 486 1823 fit
522 1781 633 1837 (Cic.
671 1783 723 1823 (ie
757 1783 855 1823 Fiu.
890 1782 924 1834 Ι,
955 1785 1024 1833 20,
1056 1785 1151 1837 69);
1205 1784 1375 1831 (licant,
1410 1795 1536 1837 qaum
1567 1805 1621 1812 —

135 1864 350 1917 effecerit,
385 1868 474 1904 lum
506 1888 552 1896 -
592 1864 874 1917 efflorescere.
935 1861 1130 1903 Tantum
1166 1862 1502 1919 intelligendum
1538 1870 1620 1911 est,

134 1953 334 1994 veteres,
382 1956 513 1998 quum
562 1941 674 1983 hanc
714 1942 899 1982 formam
945 1955 1004 1981 ex
1059 1941 1206 1982 futuro
1256 1943 1298 1982 in
1347 1942 1618 1996 praeteritum

133 2030 433 2065 transeuntem
467 2031 706 2075 ponerent,
758 2036 842 2062 non
887 2035 1061 2076 semper
1104 2028 1223 2061 certo
1255 2033 1387 2060 sensu
1420 2029 1618 2075 tempora

132 2103 418 2152 distinxisse,
465 2110 511 2142 ut
551 2102 733 2156 praecise
777 2102 862 2157 ipsi
897 2100 1043 2142 dicere
1079 2108 1285 2156 possent,
1332 2097 1406 2141 ubi
1440 2113 1518 2155 pro
1551 2097 1615 2140 fu-

223 2329 496 2374 designaveris.
531 2329 613 2363 Tibi
636 2327 737 2369 Sco).
774 2327 912 2362 Pseud.
945 2327 975 2368 1,
1004 2330 1037 2368 1,
1075 2330 1121 2361 89
1149 2326 1242 2372 (vid.
1273 2325 1390 2364 Both.
1421 2323 1613 2372 Equidem

222 2394 348 2424 totum
386 2400 540 2423 versum
587 2389 841 2424 subditieium
880 2390 1001 2436 liuto,
1053 2390 1166 2424 cuius
1205 2388 1397 2423 sententia
1433 2387 1536 2420 inest
1571 2385 1614 2419 in

224 2450 376 2485 duobus
404 2450 605 2496 proximis,
635 2463 680 2485 ex
711 2451 852 2498 quibus
881 2450 1038 2484 ess'ectus
1075 2450 1160 2495 ipse
1187 2454 1258 2489 est,
1296 2448 1438 2495 partim
1473 2446 1613 2481 iisdem

222 2511 380 2556 verbis).
432 2511 568 2547 Restat
595 2511 754 2546 Pacuvii
782 2523 916 2546 versus
945 2510 1048 2557 apud
1073 2509 1242 2545 Nonium
1269 2511 1324 2556 (p.
1353 2513 1423 2543 505
1446 2509 1609 2553 ΜΕΝ.)

229 2574 289 2614 Ut,
316 2586 398 2622 quse
424 2576 497 2620 egli,
536 2587 624 2620 ayo,
662 2575 777 2614 mrim,
809 2578 1037 2609 verruncent
1073 2574 1179 2613 bene,
1208 2571 1274 2606 ubi
1303 2573 1406 2606 asim
1430 2569 1609 2605 dubitan—

223 2641 283 2671 ter
308 2635 439 2684 posuit
464 2635 511 2670 de
545 2635 706 2670 incertis
735 2636 861 2670 futuri
900 2635 1084 2684 temporis
1112 2634 1237 2670 rebuS.
1291 2633 1332 2668 Si
1368 2633 1409 2668 id
1442 2632 1608 2668 vossius

220 2697 397 2739 dixisset,
433 2698 637 2733 modorum
665 2698 851 2734 terminos
881 2710 960 2733 non
999 2702 1073 2732 tam
1099 2701 1278 2732 accurate
1315 2695 1496 2730 definitos
1524 2705 1608 2730 esse

219 2759 320 2806 apud
356 2760 536 2796 Plautum
577 2774 691 2810 quam
726 2766 875 2808 postea,
911 2772 1000 2797 vera
1035 2761 1211 2802 dixisset,
1249 2759 1316 2795 sed
1343 2768 1427 2806 quoe
1455 2769 1534 2793 uon
1560 2755 1606 2790 ad

221 2819 290 2855 has
317 2821 418 2858 solas
451 2823 594 2859 formas
620 2824 872 2871 pertinerent.
