1821 3309
316 205 415 264 238

253 382 296 387 —-
331 371 431 409 non,
461 357 654 399 Orellius
687 374 709 399 e
741 359 887 400 codice
920 360 1143 401 Perottino
1174 360 1320 401 edidit.
1381 359 1531 417 Itaque
1562 362 1698 403 donec

249 436 431 478 meliora
473 438 748 492 proferantur
794 440 1056 490 testimonia,
1101 440 1213 495 quod
1254 441 1333 480 vix
1366 454 1554 496 unquam
1595 448 1697 496 puto

248 516 456 567 futurum,
489 518 550 557 sic
572 517 623 557 de
649 517 728 559 hac
750 533 795 558 re
823 517 1076 558 tradendum
1104 533 1278 574 prorsus
1309 533 1482 570 censeo,
1511 519 1698 560 fortasse

248 596 516 650 antiquiores
560 596 696 637 semel
739 605 781 637 et
812 598 969 637 iterum
1000 598 1114 651 quod
1142 599 1204 638 sic
1237 599 1434 653 posuisse
1467 612 1562 639 cum
1596 612 1698 638 con-

247 675 467 722 iunctiv03
500 674 617 727 (nam
648 677 691 715 in
718 675 861 716 Plauti
887 676 1011 718 Asin.
1045 676 1080 727 I,
1111 678 1151 727 1,
1183 678 1239 717 37
1269 675 1483 718 Gronovii
1516 677 1698 717 mutatio

247 754 519 793 incommoda
563 762 628 793 est
651 755 707 807 ι),
749 769 826 795 neo
870 754 1049 796 Catonis
1093 755 1385 809 fragmentum
1431 755 1542 811 apud
1585 753 1700 795 Plin.

247 832 361 872 Hist.
406 831 463 873 N.
507 831 583 872 lib.
617 832 801 883 XXIX,
845 833 880 885 I,
907 836 935 875 7
964 836 1274 874 correctionem
1311 835 1465 888 recipit
1497 832 1700 890 probabi-

247 911 376 965 lem>3
407 920 494 951 tum
526 920 669 952 autem
702 922 799 967 post
829 912 1075 968 Augustum
1109 915 1290 969 primum
1324 928 1382 953 ex
1416 914 1486 964 iis,
1518 926 1700 968 quorum

247 992 405 1043 scripta
434 999 625 1041 exstant,
658 990 834 1031 Celsum
865 992 1100 1047 aliquoties
1132 993 1197 1045 (ut
1229 992 1263 1043 I,
1292 994 1320 1033 3
1354 1008 1392 1047 p.
1424 994 1480 1033 26
1508 991 1626 1033 Alm.
1657 1000 1700 1032 et

249 1068 335 1109 ibd.
376 1085 416 1124 p.
457 1070 527 1120 32)
567 1069 681 1123 qnod
723 1071 936 1123 posuisse,
983 1070 1056 1111 ubi
1102 1071 1366 1112 infinitivum
1402 1079 1699 1126 exspectareS,

249 1163 464 1204 nunquam
510 1157 651 1188 tamen
699 1149 781 1188 nisi
817 1151 1039 1203 praemisso
1083 1150 1198 1190 illud
1224 1151 1494 1204 pronomine,
1525 1151 1593 1190 eui
1625 1150 1699 1190 ad-

246 1229 440 1281 iungitur
470 1226 595 1281 quod,
637 1235 679 1266 et
717 1236 923 1281 sequente
966 1227 1200 1278 infinitivo,
1244 1237 1290 1268 ut
1322 1228 1435 1268 hunc
1477 1243 1602 1268 usum
1644 1228 1696 1269 ab

246 1305 324 1345 illa
354 1305 651 1354 inclinatione,
682 1319 808 1359 quam
840 1315 939 1345 ante
970 1308 1013 1346 in
1047 1307 1269 1347 Ciceronis
1301 1315 1342 1346 et
1372 1306 1555 1347 aliorum
1590 1306 1697 1348 locis

247 1382 412 1438 aliquot
434 1384 834 1434 animadvertimus,
881 1392 1020 1424 ortum
1043 1399 1138 1424 esse
1160 1393 1381 1439 appareat,
1414 1399 1539 1438 quem
1566 1387 1698 1426 etiam

246 1461 407 1502 Paulus
453 1461 568 1503 Ictus
612 1471 785 1503 secutus
826 1471 891 1502 est
928 1465 971 1502 in
1003 1462 1105 1518 Dig.
1139 1461 1391 1513 XXXVII,
1422 1464 1464 1513 4,
1494 1465 1521 1502 4
1554 1463 1700 1514 (Illud

247 1541 500 1588 notandam,
545 1541 659 1597 quod
703 1540 904 1582 bonorum
942 1545 1158 1596 possessio
1194 1547 1345 1582 contra
1379 1540 1566 1593 tabulas,
1603 1556 1698 1597 quoe

245 1619 394 1660 liberis
416 1625 705 1675 proam'tle'tur,
736 1622 872 1662 locum
903 1620 1044 1671 habet,
1077 1625 1168 1661 sive
1199 1624 1293 1675 quis
1322 1619 1446 1661 heres
1475 1625 1697 1662 exstiterit

244 1703 336 1739 sive
365 1699 472 1754 non)
507 1708 548 1740 et
573 1699 793 1740 Martialis
823 1699 923 1741 libr.
956 1699 1026 1741 XI
1060 1701 1196 1755 epigr.
1230 1699 1285 1739 (54
1317 1700 1433 1756 (65):
1463 1699 1561 1741 Hoc
1592 1704 1698 1751 scio,

244 1779 358 1832 qnod
386 1778 536 1819 scribta
567 1780 691 1819 mclla
719 1780 870 1833 puella
914 1777 1020 1826 Ιὶὐίς
1077 1778 1231 1818 deinde
1260 1793 1363 1818 vero
1397 1778 1450 1819 ab
1485 1778 1697 1820 Hadriani

243 1858 333 1897 fere
368 1865 560 1912 tempore
602 1857 860 1908 invaluisse,
905 1866 950 1897 ut
987 1856 1114 1911 qaod,
1154 1865 1362 1912 sequente
1405 1859 1696 1908 coniunctivo,

245 1936 369 1975 initio
421 1945 564 1977 tamen
611 1938 856 1987 rarissime,
914 1950 1090 1992 prorsus
1142 1950 1219 1990 pro
1271 1933 1442 1976 infinita
1481 1939 1698 1978 sententia

244 2026 492 2068 poneretur.
558 2015 703 2056 Prima
749 2017 861 2055 enim
905 2024 1021 2055 certa
1065 2015 1313 2054 testimonia
1354 2023 1453 2055 sunt
1497 2016 1698 2057 Suetonii

245 2092 352 2145 (Tit.
388 2094 430 2146 8)
473 2102 516 2133 et
546 2094 667 2134 Flori
699 2095 756 2146 (1,
787 2096 875 2145 23).
940 2093 1108 2133 Plinius
1142 2091 1288 2132 Minor
1321 2094 1364 2132 in
1398 2095 1522 2148 epist.
1555 2093 1612 2145 ll,
1645 2097 1695 2134 11

244 2171 358 2224 quod
387 2185 482 2211 cum
517 2172 779 2221 indicativo,
814 2186 892 2211 nec
925 2180 1070 2211 tamen
1101 2171 1370 2224 praecedente
1401 2171 1538 2222 illud,
1571 2181 1696 2212 nota—

243 2248 389 2289 biliter
421 2251 587 2303 posuit;
627 2250 702 2290 sed
733 2258 875 2290 tamen
907 2250 1067 2288 veteris
1098 2234 1202 2287 usus
1237 2249 1477 2303 proprietas
1508 2264 1593 2290 non
1620 2250 1696 2291 ob-

244 2327 434 2368 litterata
460 2337 545 2377 est3
596 2343 735 2384 neque
766 2329 879 2369 enim
912 2328 983 2381 qui
1016 2328 1209 2381 scripsit:
1253 2327 1589 2383 adnotatumque
1618 2342 1696 2370 ea:-

241 2409 517 2461 perimentis,
560 2408 674 2462 qnod
700 2407 832 2452 favor
869 2411 909 2445 et
943 2405 1244 2446 misericordia
1278 2420 1401 2446 acres
1424 2411 1591 2462 primos
1619 2411 1696 2449 im-

241 2491 365 2540 pietus
391 2484 561 2535 habent,
596 2487 637 2526 id
665 2494 746 2536 est,
777 2485 988 2526 aduoluta
1015 2498 1083 2524 res
1112 2485 1192 2524 illa
1214 2490 1318 2525 nota
1345 2490 1385 2525 et
1416 2499 1530 2540 soepe
1558 2486 1694 2534 dicta,

248 2565 356 2604 iclem
393 2566 596 2605 continuo
628 2566 865 2619 scripturus
901 2573 991 2604 erat
1025 2564 1178 2604 etiam:
1213 2563 1353 2614 video,
1386 2565 1501 2618 qnod
1526 2569 1591 2605 ila
1625 2568 1694 2605 sit.

274 2713 298 2750 ι)
335 2710 376 2742 ln
401 2709 570 2744 Poenulo
598 2711 676 2747 ΙΙΙ.
713 2715 754 2752 1,
791 2714 836 2745 44
861 2723 1018 2758 prorsus
1052 2710 1295 2745 scribendum
1322 2715 1398 2743 est:
1443 2711 1579 2752 Scitis3
1618 2726 1692 2747 rem

338 2772 496 2804 nan-mvi
528 2773 653 2811 vobis,
686 2786 771 2819 qno
806 2777 891 2819 (pro
919 2775 1033 2818 quod)
1068 2780 1195 2808 vestra
1235 2784 1348 2817 opera
1375 2772 1464 2805 mihi
1492 2785 1584 2818 opus
1611 2775 1682 2809 siet

337 2833 420 2867 Hoc
446 2834 714 2878 Agorastocles
741 2835 848 2875 dicit,
874 2847 950 2869 non
982 2835 1157 2880 ignorare
1183 2833 1284 2874 illos,
1317 2832 1363 2866 ad
1393 2845 1503 2878 quam
1529 2845 1607 2869 rem
1634 2845 1691 2868 eo-

338 2906 420 2928 rum
451 2906 602 2940 operam
629 2896 863 2940 expetiverit.
