1821 3309
253 189 348 242 los

183 339 298 374 esset
329 337 446 371 certa
480 334 521 367 et
546 326 725 381 praecisa
758 324 964 380 praeteriti
996 319 1263 378 significatio
1296 321 1340 360 in
1370 322 1552 360 meratus
1567 328 1656 357 sum

180 422 308 465 quam
350 409 394 448 in
424 405 544 456 feci.
607 404 722 445 Illud
755 404 868 444 enim
903 403 1190 457 compositum
1223 408 1287 440 est
1321 414 1380 440 ex
1410 395 1660 455 partieipiO,

179 487 296 543 quod
342 487 469 526 initio
517 486 631 524 inter
677 496 870 539 praesens
905 490 947 521 et
981 482 1248 537 praeteritum
1283 479 1474 520 medium
1503 475 1657 521 fuisse,

179 564 319 621 liquet
361 578 420 604 ex
468 568 672 618 operatus
716 570 758 602 et
787 560 1017 610 feriatim,
1077 574 1170 615 quae
1204 559 1482 614 praesentium
1510 553 1655 594 locum

181 642 395 684 obtinent.
456 641 584 691 Quod
617 650 761 681 autem
783 641 894 690 dixi,
923 639 1004 679 hoc
1033 653 1172 694 genus
1204 646 1358 693 postea
1392 643 1551 683 ortum,
1584 644 1657 671 ve-

181 721 257 761 lim
291 720 485 770 attendi,
526 733 659 759 unum
693 733 789 758 esse
822 717 935 771 apud
968 716 1171 757 Plautum
1209 715 1493 770 exemplum,
1525 711 1655 765 idque

180 801 225 840 in
258 798 340 840 hoc
370 800 466 853 ipso
498 798 757 853 participio,
789 794 994 844 feriatus
1036 808 1090 834 ne
1120 798 1194 834 sis.
1259 793 1478 846 Apparet,
1517 797 1655 830 totum

181 877 263 919 hoc
296 891 435 932 genus
475 877 667 932 positum
709 889 805 916 esse
851 875 895 914 in
942 872 1148 927 analogia
1192 870 1370 925 paulum
1415 885 1439 910 a
1480 870 1553 909 via
1584 867 1657 907 de·

180 954 388 997 flectenti.
477 955 690 1011 Equidem
752 955 882 994 etiam
944 952 1054 992 illud
1118 949 1482 992 considerandum
1537 954 1657 1002 pum,

181 1034 294 1090 quod
323 1032 478 1074 Cicero
511 1048 596 1073 non
630 1032 770 1073 solum
805 1034 849 1072 in
884 1030 1096 1080 vetando,
1149 1030 1224 1070 sed
1259 1031 1301 1069 in
1335 1028 1554 1069 sententia
1587 1023 1654 1065 al-

183 1113 265 1153 teri
299 1112 475 1153 adnexa
507 1111 750 1151 admiratus
783 1116 841 1150 set
871 1124 947 1165 pro
981 1108 1221 1148 admiretur
1252 1109 1367 1148 dixit
1400 1106 1460 1161 (ΙΙ
1493 1106 1545 1146 de
1578 1103 1656 1145 Of-

182 1189 252 1232 fic.
290 1194 312 1242 §
345 1192 424 1232 35:
479 1188 583 1239 Sed,
615 1203 670 1229 ne
698 1193 794 1243 quis
824 1192 882 1228 sit
916 1187 1157 1228 admiratus
1191 1186 1287 1240 (fic.)
1323 1187 1352 1240 ¹)

296 1269 374 1311 IV.
438 1269 647 1323 Sequitur
680 1269 777 1322 ipso
810 1269 895 1307 iam
930 1267 1081 1306 ordine
1115 1274 1156 1306 et
1187 1265 1283 1306 loco
1318 1266 1424 1305 satis
1460 1263 1657 1320 explica-

185 1357 254 1387 tus
287 1345 674 1400 frequentissimus
708 1359 812 1385 usus
847 1344 977 1384 huius
1009 1345 1159 1384 foriuae
1196 1343 1466 1384 dubitativus
1504 1351 1545 1383 et
1579 1356 1655 1396 po-

186 1423 397 1474 tentialis,
431 1424 475 1463 in
506 1438 590 1479 quo
623 1437 775 1464 omnes
807 1423 987 1478 perfecti
1021 1423 1288 1462 coniunctivi
1322 1423 1496 1462 nomine
1525 1429 1653 1460 utun-

183 1513 251 1544 tur
274 1503 323 1552 ¹).
393 1501 504 1551 Quis
549 1503 664 1542 enim
713 1516 798 1542 non
846 1501 990 1550 videt,
1047 1514 1177 1556 quum
1223 1509 1297 1540 aut
1348 1498 1444 1540 fieri
1489 1498 1651 1554 aliquid

181 1595 310 1636 posse
339 1581 534 1621 dicamus
567 1581 632 1634 (ut
659 1579 761 1620 Liv.
792 1579 877 1630 lx,
903 1581 982 1619 24:
1014 1578 1111 1619 Hoc
1139 1579 1310 1633 quidem
1338 1579 1554 1620 adscensu
1585 1577 1658 1618 vel

180 1667 267 1702 tres
309 1663 473 1701 armati
515 1658 753 1715 quamlibet
794 1657 1113 1699 multitudinem
1157 1658 1431 1711 arcuerim),
1483 1664 1557 1697 aut
1600 1655 1652 1696 de

182 1748 329 1780 nostro
350 1740 544 1792 ipsorum
575 1738 735 1778 iudicio
766 1737 985 1792 agendive
1008 1735 1192 1776 consilio
1218 1735 1467 1776 dubitanter
1499 1734 1652 1790 loqua-

183 1832 295 1865 mur,
340 1816 419 1856 has
469 1830 612 1856 rerum
657 1813 1004 1870 significationes
1043 1815 1103 1854 ita
1138 1815 1181 1854 in
1217 1814 1410 1854 futurum
1446 1813 1652 1862 incidere,

183 1905 228 1936 ut
259 1904 433 1945 tamen,
468 1908 596 1949 quum
632 1903 705 1933 aut
740 1896 834 1933 eius
866 1895 930 1933 rei
962 1901 1142 1943 natura,
1182 1907 1276 1948 quae
1307 1907 1421 1933 nunc
1452 1893 1533 1943 sit,
1577 1900 1651 1931 aut

178 1974 385 2014 iudicium
432 1981 627 2012 nostrum
661 1971 908 2012 declaretur
939 1979 1013 2011 aut
1047 1971 1279 2012 consilium
1316 1973 1360 2011 in
1393 1971 1649 2012 condicione

179 2054 366 2108 positum
399 2053 479 2101 sit,
527 2050 657 2091 simul
702 2053 746 2090 in
793 2063 984 2104 praeseus
1042 2057 1212 2104 tempus
1255 2051 1394 2091 oratio
1438 2049 1649 2090 inclinet?

180 2130 382 2184 Ceterum
420 2143 480 2168 ex
523 2127 745 2168 veteribus
778 2127 867 2167 illis
898 2128 1056 2167 futuris
1096 2129 1140 2167 in
1173 2141 1218 2167 so
1252 2127 1522 2168 exeuntibus
1568 2127 1648 2169 hac

179 2205 503 2264 significatione
548 2215 705 2261 praeter
751 2220 902 2246 vocem
948 2206 1281 2246 usitatissimam
1322 2206 1433 2262 apud
1482 2211 1649 2261 poetaS‚

179 2286 385 2336 Livium,
431 2283 650 2335 Tacitum,
684 2288 835 2334 ausim,
871 2286 1086 2339 reperitur
1117 2283 1278 2333 faxim
1316 2284 1476 2338 (Plaut.
1509 2283 1646 2324 Poen.

179 2364 236 2415 V,
267 2365 312 2411 2,
346 2365 450 2405 131:
479 2364 591 2404 mule
609 2362 767 2413 faxim
804 2361 972 2413 labens,
1006 2361 1105 2403 coll.
1141 2361 1231 2405 Cic.
1270 2361 1404 2403 Tusc.
1440 2362 1483 2404 V
1517 2361 1543 2416 ἓ
1571 2363 1647 2402 82:

182 2457 207 2483 a
237 2448 280 2483 te
311 2445 580 2496 impetrarim
613 2441 826 2489 lubenter,
859 2450 900 2481 et
933 2439 1114 2481 Terent.
1147 2439 1338 2496 Adelph.
1368 2441 1427 2493 V,
1454 2442 1481 2482 3
1510 2441 1571 2495 (5)
1597 2441 1646 2481 6:

205 2636 234 2678 ¹)
273 2634 525 2680 Perspicuum
552 2645 634 2669 esse
661 2635 812 2682 opinor,
843 2646 912 2668 eur
941 2634 1161 2669 Graecorum
1192 2635 1436 2675 aoristorum‚
1463 2632 1529 2680 qui
1556 2638 1645 2667 sunt

272 2693 436 2738 ἐγέλασα,
465 2695 632 2744 ἐπῄνεσα,
658 2701 762 2737 ceth„
791 2697 1113 2742 comparationem
1138 2696 1237 2731 nihil
1267 2695 1313 2730 ad
1340 2707 1418 2731 rem
1445 2693 1640 2741 pertinere

274 2753 447 2790 arbitrer.
