1821 3309
1433 237 1526 288 161

240 376 386 418 Venio
417 375 471 418 ad
503 375 664 419 librum
697 378 889 428 tertium,
925 379 969 418 in
1004 389 1090 433 quo
1122 378 1295 431 parcior
1328 379 1598 422 emendatio-

128 467 229 496 num
261 456 387 509 copia
417 463 499 497 est.
562 455 613 497 In
647 456 742 496 eius
771 456 913 510 capite
945 464 1100 511 quarto
1133 464 1338 497 extremo
1367 456 1482 513 legis
1509 458 1599 500 for-

126 532 247 574 mula
289 533 383 575 haec
423 534 624 587 ponitur:
674 533 884 575 Censores
906 532 1009 582 fide
1047 534 1168 589 leges
1201 534 1509 583 custodiarum·
1552 537 1597 576 in

125 625 210 667 qua
224 610 328 661 fide
358 611 593 662 custodire,
626 612 722 653 sive
760 611 982 653 ablativus
1013 612 1109 653 sive
1140 611 1400 655 adverbium
1435 615 1598 670 (ipsum

124 703 208 732 usu
234 704 323 732 non
345 690 690 747 frequentatum)
719 689 1012 746 intelligetur,
1043 705 1165 748 aeque
1194 692 1405 734 inusitate
1433 692 1598 734 dictum

126 769 237 818 erit3
276 777 334 819 et,
377 771 416 810 si
448 778 567 811 esset
607 771 769 812 usitate
799 770 979 821 dictum,
1010 768 1143 811 aliam
1175 769 1359 813 haberet
1390 772 1478 813 vim
1496 770 1600 821 fide

126 847 246 903 leges
271 848 505 899 custodire,
537 863 623 890 non
653 863 765 901 eam,
796 863 891 906 quae
922 849 993 891 hic
1016 850 1269 905 requiritur,
1298 849 1446 907 legum
1473 849 1600 892 tabu-

125 925 193 968 las
229 924 434 979 servare,
481 942 536 968 ne
582 936 930 984 corrumpantur.
994 927 1060 968 Eo
1101 927 1360 984 diligentius
1399 929 1599 971 conside-

125 1006 263 1048 randa
291 1007 487 1048 codicum
517 1007 748 1061 scriptura,
782 1007 827 1046 in
859 1004 1018 1061 quihus
1049 1014 1116 1046 est
1145 1006 1239 1046 fere
1270 1005 1399 1050 fidem
1429 1007 1597 1061 legem,-

123 1084 189 1140 (in
224 1084 369 1137 Fabr.,
413 1085 459 1127 S.
493 1084 627 1135 vict„
667 1083 762 1127 Pal.
795 1086 838 1136 3,
880 1086 907 1124 4
940 1083 1054 1140 apud
1087 1082 1340 1136 Gruterum,
1375 1083 1600 1141 plerisque

126 1162 315 1215 Davisii,
359 1165 552 1220 quinque
594 1162 850 1216 Goerenzii,
891 1162 977 1204 duo
1020 1161 1223 1217 Moseri).
1290 1162 1363 1204 Ex
1408 1163 1493 1206 hoc
1535 1162 1601 1215 fit,

125 1241 242 1298 quod
273 1256 406 1284 unum
438 1243 490 1284 ad
524 1257 615 1284 rem
647 1251 797 1299 aptum
828 1249 917 1284 est:
955 1241 1316 1292 Censoresfidem
1346 1243 1491 1297 legum
1525 1256 1598 1285 cu-

126 1321 363 1372 stodiunto,
397 1321 481 1364 hoc
511 1330 592 1372 est,
625 1336 804 1378 operam
835 1322 984 1373 danto,
1016 1330 1063 1362 ut
1094 1323 1225 1363 certis
1258 1330 1302 1362 et
1334 1321 1601 1377 incorruptis

128 1402 424 1442 monumentis
464 1408 671 1442 testatum
716 1402 788 1452 sit,
831 1413 925 1456 quae
960 1400 1048 1440 sint
1079 1399 1204 1456 leges
1244 1400 1434 1456 quidque
1469 1401 1514 1441 in
1545 1400 1601 1440 iis

128 1480 200 1520 sit.
259 1479 468 1536 Sequitur
501 1480 673 1521 statim:
704 1478 950 1530 Dis-cedite,
982 1483 1027 1519 et
1055 1478 1262 1520 tabellam
1294 1478 1450 1521 iubebo
1486 1478 1601 1520 dari.

130 1557 204 1600 Sic
227 1559 343 1600 enim
368 1557 562 1600 Orellius
590 1558 741 1610 edens,
773 1557 908 1609 Quid,
933 1558 1092 1613 inquit,
1118 1558 1318 1614 impedit,
1341 1572 1427 1614 quo
1456 1559 1602 1598 minus

127 1638 330 1693 pessimae
353 1636 558 1679 Ascensii
590 1638 851 1678 coniecturae
882 1637 1028 1690 (disce
1056 1640 1165 1690 rem)
1195 1639 1403 1693 optimam
1426 1636 1603 1678 Davisii

128 1715 462 1768 substituamus,
488 1715 731 1757 discedite?
765 1714 898 1756 Libet
922 1714 1056 1769 paulo
1086 1714 1266 1770 longius
1290 1715 1602 1772 interrogando

129 1796 360 1852 progredi:
407 1794 525 1844 Quid
559 1794 759 1850 impedit,
804 1807 890 1849 quo
932 1794 1077 1834 minus
1109 1794 1306 1836 codicum
1342 1795 1605 1850 scripturam

128 1876 427 1926 restituamus,
459 1873 723 1914 discedere?
753 1871 868 1915 Nam
899 1871 1016 1929 quod
1047 1872 1303 1928 adiungitur
1329 1874 1474 1915 activo
1507 1871 1605 1914 infi-

131 1955 270 1996 nitivo
301 1953 491 2008 simplici
522 1954 801 1994 accusativus
832 1965 930 1994 cum
962 1949 1184 1992 infinitivo
1216 1953 1403 2008 passivae
1437 1951 1606 2002 formae,

133 2032 478 2088 nihil'prorsus
521 2031 782 2072 offensionis
842 2038 917 2072 aut
963 2029 1213 2072 insolentiae
1259 2029 1420 2083 habet,
1472 2045 1607 2087 quum

131 2112 349 2168 posterior
378 2109 626 2152 infinitivus
658 2110 712 2152 ad
737 2110 869 2162 idem,
898 2124 983 2166 quo
1009 2110 1146 2165 prior,
1175 2107 1423 2151 subiectum
1451 2109 1608 2151 referri

132 2198 337 2246 nequeat.
401 2189 481 2231 Est
512 2198 676 2242 autem,
710 2189 825 2246 quod
857 2187 1068 2246 postulet,
1103 2196 1150 2228 ut
1181 2187 1408 2230 discedere
1438 2186 1610 2230 scriba-

134 2277 217 2311 tur.
285 2268 375 2319 Qui
418 2271 537 2312 enim
579 2270 642 2312 sic
680 2267 898 2325 loquitur:
943 2266 1183 2319 discedite,
1234 2273 1277 2309 et
1318 2265 1488 2318 iubebo,
1528 2265 1612 2307 hoc

231 2481 327 2520 crat,
354 2487 472 2522 qnum
499 2476 641 2523 duplex
665 2480 769 2511 essct
794 2473 1014 2520 corrigendi
1041 2474 1115 2515 via,
1141 2478 1184 2507 nt
1209 2478 1275 2507 aut
1300 2482 1514 2519 pronomen
1533 2482 1613 2505 mu·

230 2541 378 2571 taretin·
406 2538 544 2585 (quod)
576 2541 641 2571 aut
666 2536 826 2571 verbum
852 2536 1131 2580 (iniecerant),
1168 2534 1336 2569 editores
1362 2532 1462 2567 hanc
1487 2536 1615 2578 poste-

227 2599 370 2634 riorem
397 2598 541 2634 iniuria
567 2598 844 2646 praetulerunt,
871 2607 916 2631 ex
945 2608 1019 2643 qua
1045 2596 1269 2631 foedissima
1295 2594 1466 2630 efficitur
1492 2597 1615 2628 tauto-

228 2660 352 2707 logia:
392 2673 506 2708 qnmn
530 2667 672 2696 terram
697 2661 913 2696 iniecerant
937 2659 1175 2707 obductaque
1202 2664 1310 2694 terra
1335 2661 1431 2692 crat.
1480 2654 1525 2689 ln
1550 2665 1617 2689 no·

229 2721 416 2756 minativo
453 2726 492 2757 et
527 2722 748 2757 accusativo
777 2719 966 2766 singulari
995 2719 1236 2767 pronominis
1262 2717 1415 2754 relativi
1442 2727 1617 2763 compen-

233 2782 309 2818 diis
335 2787 470 2820 notato
497 2783 573 2819 late
598 2787 705 2831 patet
730 2781 951 2829 corrigendi
975 2781 1148 2817 libertas.
1223 2781 1340 2816 Ocius
1367 2790 1438 2826 pro
1466 2781 1533 2813 hoc
1560 2780 1618 2812 ius

233 2844 298 2878 vix
324 2856 456 2880 verum
484 2849 567 2886 est;
611 2856 684 2880 nec
720 2844 930 2881 festinandi
958 2842 1216 2890 significatio,
1259 2853 1344 2889 quae
1372 2841 1497 2879 inest,
1533 2842 1619 2882 apta

236 2903 403 2947 videtur,
429 2917 500 2944 nec
526 2908 711 2944 humandi
737 2911 841 2945 recte
868 2905 1089 2943 accusativo
1118 2908 1233 2939 caret.

1308 2979 1347 3009 11
