1821 3309
1438 218 1503 269 51

99 354 196 398 Nisi
230 359 297 398 cui
333 357 471 412 magis
504 357 665 412 placet,
701 356 857 399 fuisse:
911 362 958 399 in
1001 361 1143 399 ruinis
1188 362 1349 400 nostris
1387 363 1564 401 vestris-

98 447 182 489 que
210 437 427 482 lacre‘mz‘35
459 435 535 476 sed
569 434 772 476 lacrimas
803 436 994 477 iudicum
1024 440 1357 478 commemorari
1386 435 1563 480 Cicero-

99 514 166 554 nis
196 527 342 555 casum
380 515 689 565 moerentium,
721 515 903 555 nimium
938 514 1126 556 videtur.

220 589 435 634 Extrema
473 593 660 648 denique
704 594 904 634 oratione
936 594 1033 647 (28,
1071 594 1142 647 63)
1178 593 1342 634 editum
1378 601 1467 635 est:
1508 595 1561 637 Iu

90 675 313 722 praetura,
354 675 401 712 ia
446 672 675 713 consulatu
708 670 970 728 proefectam
995 670 1183 721 fabrum
1215 671 1398 722 detulit,
1447 673 1561 727 quod

95 747 454 804 interpretantur,
484 748 704 792 Caesarem
722 750 908 792 Balbum
940 751 985 791 in
1016 748 1244 791 beneficiis
1276 749 1329 790 ad
1363 751 1563 791 aerarium

96 825 322 869 detulisse.
389 829 475 871 Sed
509 838 664 886 negat,
700 838 742 871 et
773 831 897 879 iure,
927 827 1182 879 Manutius,
1213 826 1456 879 Caesarem,
1488 830 1559 884 qui

98 904 287 946 nondum
322 909 550 962 provincia
584 907 806 949 consulari
841 908 1103 948 decessisset
1137 915 1179 946 et
1200 907 1437 946 etiamnum
1461 905 1562 947 Bal-

98 980 199 1024 bum
241 985 492 1039 praefectum
533 985 704 1027 fabrum
751 984 932 1026 haberet
977 985 1091 1038 (64),
1137 997 1236 1023 eum
1269 984 1354 1023 iam
1389 984 1561 1025 deferre

94 1063 304 1113 potuisse.
383 1063 460 1104 Est
490 1063 578 1105 alia
613 1066 751 1105 maior
782 1062 1031 1104 difficultas.
1110 1060 1210 1111 Qua
1243 1062 1360 1102 enim
1393 1063 1561 1103 ratione

95 1143 142 1180 ιἸι
167 1146 388 1195 praetura,
429 1146 476 1183 in
520 1144 749 1184 consulum
794 1140 981 1183 detulit?
1025 1139 1179 1195 Neque
1222 1148 1380 1192 praetor
1423 1155 1564 1196 neque

96 1219 249 1260 consul
281 1221 533 1281 praefectum
567 1221 738 1263 fabrum
772 1219 925 1262 habuit
953 1228 1027 1261 aut
1057 1217 1241 1270 detulit,
1274 1227 1319 1259 ut
1358 1220 1431 1275 qui
1467 1219 1562 1260 nul·

93 1294 185 1339 lum
218 1301 464 1342 exereitum
498 1309 695 1356 regeret3
725 1301 768 1340 in
798 1299 1068 1355 provinciam
1109 1297 1282 1338 demum
1312 1298 1562 1353 praefectum

94 1375 239 1419 duxit‘
273 1377 503 1420 Neminem
524 1388 669 1420 autem
687 1378 781 1419 fore
799 1387 918 1434 puto,
944 1379 1014 1434 qui
1035 1380 1082 1418 in
1105 1381 1298 1430 praelura
1318 1375 1426 1417 velit
1442 1390 1561 1417 esse:

96 1466 156 1495 ex
180 1460 442 1510 provincia,
487 1471 612 1512 quam
634 1472 717 1512 pro
745 1463 930 1511 proelore
961 1460 1107 1506 rexit,
1147 1458 1196 1495 2¹12
1230 1455 1459 1495 consulatu
1489 1469 1565 1495 au-

96 1541 212 1575 tem:
270 1548 330 1576 ea:
368 1537 594 1577 consulare·
623 1540 875 1590 provincia.
943 1535 1248 1590 Quamquam,
1290 1534 1374 1573 nisi
1413 1534 1563 1574 admo-

99 1627 244 1666 neam,
277 1615 364 1655 sint
383 1615 586 1666 fortasse,
618 1616 691 1670 qui
723 1629 790 1655 me
826 1615 1024 1663 doceant,
1058 1621 1284 1670 praetorem
1317 1611 1402 1652 dici
1432 1613 1564 1653 etiam

96 1707 222 1743 eum,
276 1695 349 1748 qui
393 1708 470 1748 pro
513 1701 697 1748 praetore
741 1694 824 1743 sit,
869 1701 1101 1748 praeturam
1149 1689 1353 1731 similiter
1396 1689 1566 1731 scilicet

96 1773 237 1827 accipi
291 1779 535 1813 statuentes
601 1772 653 1812 de
711 1772 990 1827 propraetoris
1046 1769 1452 1819 administratione,
1512 1768 1564 1809 de

96 1850 324 1892 consulatu
382 1859 528 1891 autem
582 1864 667 1891 non
718 1850 927 1905 cogitent.
1033 1847 1121 1890 Sed
1174 1854 1217 1887 et
1275 1847 1319 1886 in
1378 1855 1565 1902 praetura

95 1938 140 1971 et
197 1931 242 1970 in
306 1929 537 1970 consulatu
600 1927 747 1970 Caesar
788 1927 1041 1984 praefectum
1096 1925 1270 1967 fabrum
1313 1924 1398 1965 sibi
1448 1925 1565 1966 dele-

93 2015 183 2070 git,
259 2021 391 2064 quum
440 2015 539 2064 post
594 2008 898 2063 magistratum
939 2005 992 2047 ad
1033 2005 1279 2045 exercitum
1324 2011 1440 2043 esset
1483 2004 1567 2043 itu-

96 2106 186 2133 rus.
253 2089 351 2131 Hoc
383 2098 466 2141 est,
496 2088 610 2145 quod
641 2086 828 2129 Ursinus
857 2100 880 2126 e
912 2084 1061 2126 codice
1093 2097 1189 2132 suo,
1224 2082 1267 2122 id
1299 2089 1380 2132 est,
1411 2095 1436 2121 e
1467 2096 1568 2122 con-

96 2172 264 2212 iectura
293 2168 574 2224 Pantagathi,
608 2164 741 2208 scribi
776 2163 898 2206 vult:
943 2160 1257 2218 proefecluram
1274 2159 1461 2210 fabrum
1493 2159 1567 2201 de-

93 2250 212 2291 tulit.
294 2245 490 2297 Deferre
533 2246 675 2287 alicui
704 2245 995 2299 legationem,
1040 2242 1338 2296 praeconium,
1390 2243 1571 2280 accensi

97 2329 252 2379 locum,
281 2325 594 2381 praefeclnram
628 2323 702 2377 (ad
734 2322 871 2365 Attio.
900 2319 982 2371 VI,
1015 2320 1058 2374 1)
1093 2318 1268 2374 proprie
1301 2317 1474 2358 dicitur.
1508 2317 1541 2370 ¹)

217 2404 356 2446 Paulo
390 2412 489 2460 post
518 2403 623 2457 (64),
653 2401 726 2443 ubi
758 2407 1070 2444 enumerantur
1102 2398 1185 2437 viri
1214 2395 1463 2445 clarissimi,
1495 2394 1568 2449 qui

99 2484 325 2525 civitatem
368 2480 620 2523 hominibus
673 2480 934 2536 populorum
974 2475 1300 2517 foederatorum
1355 2472 1570 2521 dederint,

193 2670 324 2713 ratio)
350 2673 456 2704 recte
483 2667 669 2702 omittunt
694 2665 781 2707 PE;
807 2675 878 2700 nec
904 2662 1120 2698 Beruenses
1139 2657 1251 2694 codd.
1279 2655 1567 2704 discrepabunt,

193 2744 264 2768 uec
301 2729 571 2777 discrepabant
611 2727 650 2766 S.
677 2727 779 2762 vict.
817 2730 854 2760 et
883 2724 962 2759 Pal.
999 2727 1031 2758 9.
1062 2721 1143 2766 [De
1170 2718 1434 2755 Beruensibus
1469 2726 1572 2753 nunc

193 2798 341 2829 certum
366 2796 433 2826 est.

126 2858 156 2900 ι)
193 2855 320 2891 Etiam
353 2793 554 2892 conslules,
582 2849 648 2897 qui
676 2861 746 2895 pro
778 2844 1003 2883 consulibus
1031 2846 1185 2883 essent,
1213 2841 1427 2889 appellatos
1453 2840 1572 2893 inter-

1260 2917 1303 2949 4·
