1821 3309
353 214 454 263 210

287 355 591 411 inexplicabili
627 356 855 397 consilium
888 359 1140 412 exquirunt.
1207 358 1322 402 Tum
1353 362 1395 400 in
1423 373 1586 416 genere
1615 363 1748 403 inter·

285 437 527 492 rogationis
569 436 881 492 pei-frequenti,
914 452 993 492 pro
1028 453 1096 489 eo,
1130 439 1241 494 quod
1278 449 1393 480 recta
1429 441 1626 481 oratione
1659 451 1746 482 est:

282 515 598 570 qm'dfece‘rle'?
644 530 774 571 quum
818 525 1017 571 negatur,
1059 517 1243 560 alterum
1291 521 1523 575 quicquam
1570 520 1744 570 fecisse,

282 611 364 636 non
430 596 612 643 dic-itur,
672 596 784 651 quod
852 606 1068 653 praecepta
1116 597 1192 639 illa
1244 599 1490 654 postulant:
1520 600 1628 656 quid
1660 599 1742 650 fe-

281 678 426 716 cisse?
493 676 593 725 sed,
668 684 714 715 ut
774 676 905 731 paulo
974 688 1071 733 post
1135 680 1388 730 ostendam,
1465 688 1742 721 constanter:

282 754 632 805 Qne'dfecz‘ssel?
664 755 889 797 Postremo
925 756 1179 812 Kruegerus
1214 758 1323 799 nihil
1356 761 1590 813 separatim
1624 759 1740 800 dixit

275 837 327 876 de
356 838 407 876 iis
439 835 873 891 interrogationibus,
906 851 999 892 quae
1030 836 1154 879 finita
1183 840 1380 879 oratione
1412 839 1736 880 coniunctivum

275 915 451 966 babent,
484 917 604 971 quasi
648 915 738 956 haec
773 931 944 972 quoque
975 917 1138 958 forma:
1186 915 1557 967 Quz'dfacerem?
1591 919 1636 960 in
1670 920 1733 960 in-

273 995 488 1036 finitivum
534 997 731 1035 converti
773 998 936 1050 possit3
992 1012 1089 1039 nam
1139 1013 1189 1039 ea
1234 1013 1405 1055 quoque
1453 999 1733 1055 negationem

270 1075 460 1131 aliquam
512 1077 719 1115 continet.
789 1076 901 1128 Sed,
955 1079 1067 1133 quod
1114 1087 1242 1132 caput
1294 1087 1384 1129 est,
1440 1087 1578 1120 totum
1621 1077 1730 1119 illud

267 1156 497 1195 discrimen
517 1155 846 1204 sententiarum,
880 1171 963 1211 quo
990 1158 1123 1197 utitur
1149 1156 1423 1212 KruegeruS,
1456 1157 1621 1199 nullum
1650 1167 1730 1198 est.

269 1233 377 1275 Nam
423 1234 589 1276 finitam
635 1235 845 1274 orationis
885 1237 1069 1277 formam
1117 1246 1159 1277 et
1195 1238 1517 1278 coniunctis-um
1555 1237 1727 1278 modum

266 1316 441 1354 retineri
483 1326 604 1372 putat
649 1319 690 1356 in
739 1319 791 1357 iis
838 1315 1270 1371 interrogationibus,
1301 1318 1345 1356 in
1378 1315 1535 1372 quibus
1570 1318 1622 1366 is,
1655 1318 1728 1372 qui

264 1395 517 1450 interrogat,
558 1411 660 1437 vere
702 1409 961 1452 responsum
999 1397 1223 1450 requirat3
1257 1409 1425 1445 verum,
1459 1410 1589 1450 quum
1623 1411 1724 1437 con-

261 1475 390 1514 tinuae
425 1483 467 1515 et
496 1487 716 1531 perpetuae
742 1476 856 1517 alius
889 1475 1078 1516 hominis
1109 1476 1319 1515 orationis
1342 1484 1645 1531 argumentum
1678 1484 1723 1515 et

259 1555 394 1594 series
418 1555 617 1605 refertur,
648 1557 759 1611 quod
786 1558 1005 1612 proprium
1030 1564 1096 1596 est
1121 1556 1332 1595 orationis
1359 1554 1564 1610 obliquae,
1591 1554 1724 1596 nullae

258 1635 434 1674 omnino
465 1644 564 1675 sunt
598 1635 708 1676 tales
740 1637 1124 1692 interrogationes,
1158 1649 1264 1690 quas
1296 1635 1347 1684 is,
1380 1636 1503 1675 cuius
1536 1635 1722 1677 refertur

257 1715 423 1761 oratio,
467 1716 529 1755 sic
569 1717 868 1771 proposuerit,
912 1725 983 1766 ut,
1028 1716 1141 1756 facta
1177 1715 1349 1755 dicendi
1394 1716 1720 1756 intermissione

254 1806 508 1847 responsum
552 1804 854 1850 exspectaret;
898 1810 1048 1836 omnes
1087 1809 1145 1835 ex
1190 1795 1408 1834 rhetorico
1445 1793 1523 1835 illo
1557 1808 1719 1850 genere

253 1880 367 1921 sunt,
397 1886 473 1927 per
505 1888 611 1928 quas
644 1875 875 1929 quaerendo
908 1873 1186 1923 affirmamus
1223 1888 1448 1928 negamus,
1478 1873 1718 1914 refutamus

252 1951 544 2003 adversarios,
593 1954 951 2010 reprebendimus
994 1954 1192 1995 homines
1232 1962 1306 1994 aut
1336 1953 1582 2004 laudamus,
1616 1967 1717 1993 con-

250 2033 486 2085 querimur,
517 2048 697 2089 quaeque
728 2044 826 2075 sunt
859 2034 1034 2075 similia.
1095 2034 1245 2089 ltaque
1279 2033 1378 2074 hinc
1410 2031 1532 2073 nulla
1560 2031 1715 2086 regula

249 2110 301 2149 ad
333 2125 496 2164 genera
528 2113 813 2154 discernenda
845 2116 957 2154 sumi
990 2122 1152 2168 potest3
1184 2128 1261 2154 nec
1293 2113 1333 2152 id
1368 2112 1599 2153 obscurum
1632 2113 1714 2152 erit

249 2203 300 2228 ea
332 2190 554 2245 exempla,
586 2191 743 2246 quibus
776 2192 1031 2248 Kruegerus
1075 2201 1117 2232 et
1150 2191 1226 2232 alii
1272 2199 1476 2241 utuntur,
1508 2191 1711 2237 intuenti,

248 2266 370 2308 velut
399 2267 523 2319 illud,
555 2285 639 2325 quo
671 2269 947 2322 Billrothius‚
977 2285 1031 2311 ex
1061 2269 1245 2311 Caesaris
1276 2269 1402 2310 Bello
1429 2268 1546 2310 Gall.
1574 2267 1610 2318 Ι,
1637 2270 1709 2316 40,

246 2345 320 2387 ubi
353 2356 474 2402 putat
521 2364 667 2390 reram
708 2365 804 2391 esse
845 2351 1248 2406 interrogationem,
1284 2349 1398 2405 quod
1429 2349 1708 2389 coniunctivo

244 2424 388 2467 Caesar
423 2429 571 2469 utitur.
638 2429 910 2479 Quaesivitne
943 2431 1076 2486 igitur
1108 2428 1269 2478 Caesar,
1300 2430 1423 2469 cuius
1453 2436 1519 2468 est
1549 2428 1708 2475 oratio,

242 2507 471 2562 quicquam
511 2524 533 2548 e
577 2508 813 2560 militibus,
860 2510 912 2550 ad
958 2510 1071 2565 quod
1116 2508 1201 2549 sibi
1236 2508 1491 2564 responderi
1538 2505 1705 2548 vellet!

242 2584 378 2625 Immo
410 2588 447 2627 is
479 2602 562 2628 non
597 2589 738 2629 minus
784 2589 1095 2645 interrogando
1136 2596 1465 2644 argumentatur
1499 2600 1627 2641 quam
1659 2586 1703 2625 in

240 2678 292 2704 eo
324 2665 545 2721 exemplo,
573 2668 685 2722 quod
717 2670 980 2709 contrarium
1005 2670 1150 2709 statim
1184 2683 1241 2708 ex
1275 2667 1394 2708 Livii
1423 2665 1499 2706 lib.
1529 2663 1550 2704 Ι
1581 2679 1619 2704 c.
1646 2665 1703 2704 50

238 2744 429 2798 ponitur,
472 2743 671 2787 Turnus:
714 2749 789 2790 Aa
829 2751 1056 2802 quicquam
1101 2745 1325 2802 superbius
1371 2758 1462 2785 esse
1501 2742 1614 2784 &cst
1647 2742 1702 2784 Et

239 2822 350 2877 quod
382 2820 639 2865 Billrothius
669 2824 761 2866 illic
810 2826 1041 2868 adscribit:
1094 2832 1139 2867 et>
1178 2828 1401 2879 quaese'm'l,
1455 2824 1554 2879 quid
1600 2837 1698 2865 eum
