1821 3309
297 187 397 237 266

230 331 299 377 90,
330 325 404 366 ubi
438 322 582 365 Plauti
629 330 672 363 et
707 321 907 363 Terentii
949 321 1058 361 duos
1091 319 1211 360 locos
1248 318 1496 360 Schmidins
1531 319 1691 360 adscri-

231 406 330 461 psit.
388 403 555 444 Rursus
590 402 632 441 in
668 400 763 442 Cat.
794 403 817 451 ξ
849 402 905 440 29
947 407 1063 440 recte
1108 413 1133 438 a
1172 397 1355 439 Klotzio
1398 397 1452 438 ob
1497 397 1690 438 codicum

231 483 532 524 auctoritatem
573 481 810 534 repositum
845 487 910 518 est
944 479 1227 533 relinquimus
1262 492 1338 533 pro
1372 478 1689 532 relae'tequenea85

232 562 285 602 de
319 562 414 614 ipso
451 573 530 599 usu
562 559 789 613 praesentis
821 557 1028 612 temporis
1060 558 1202 596 minus
1245 556 1469 597 commode
1500 555 1693 609 disputa-

233 640 319 686 vit3
362 637 438 677 sed
480 637 533 677 de
580 637 660 677 hoc
690 650 851 692 genere
885 650 960 691 per
995 636 1174 690 primam
1208 638 1438 689 personam
1468 634 1694 686 praesentis

233 717 441 771 temporis
482 714 795 770 interrogandi,
834 714 946 769 quod
980 714 1023 753 in
1059 713 1300 753 refellendo
1336 722 1378 753 et
1410 709 1692 752 deliberando

231 797 437 835 usitatum
472 802 552 843 est,
576 794 682 833 satis
707 793 798 832 dixi
823 793 864 831 in
888 793 1036 847 partic.
1064 790 1105 831 II
1132 791 1440 846 disputationis
1472 790 1524 831 de
1549 802 1693 830 emen-

235 874 389 914 dandis
423 871 648 913 Ciceronis
690 869 963 911 orationibus
1009 870 1060 910 de
1096 883 1249 924 provv.
1286 883 1427 910 conss.
1460 877 1502 909 et
1534 881 1612 923 pro
1643 866 1694 906 L.

235 951 369 993 Balbo
403 950 468 1006 [p.
497 952 552 990 40
584 950 713 990 huius
745 948 888 1005 edit.].

346 1028 412 1069 Ne
454 1043 505 1068 ea
545 1029 718 1083 quidem
765 1029 977 1081 attingam
1024 1026 1105 1067 hoc
1151 1025 1264 1077 loco,
1305 1039 1398 1081 quae
1430 1027 1490 1067 ita
1522 1033 1695 1080 recepta

233 1124 257 1149 a
290 1106 468 1148 Klotzio
504 1105 702 1161 probavi,
735 1113 780 1144 ut
813 1114 956 1145 tamen
991 1105 1130 1159 magis
1166 1105 1513 1144 testimoniorum
1549 1104 1694 1158 gravi·

233 1187 309 1226 tati
343 1200 469 1240 quam
509 1185 688 1224 editoris
723 1183 1008 1238 disputationi
1043 1197 1141 1223 eum
1176 1195 1400 1222 assensum
1434 1180 1694 1227 tribuerem3

234 1264 353 1305 velut
388 1266 431 1303 in
486 1264 579 1316 ipso
613 1261 792 1301 Catonis
836 1263 959 1301 initio
996 1262 1034 1313 (ξ
1071 1261 1114 1312 2)
1147 1259 1229 1300 hoc
1260 1260 1448 1301 dandum
1477 1261 1561 1300 fuit
1593 1274 1694 1300 con-

233 1343 379 1382 sensui
419 1339 609 1380 Charisii
657 1347 699 1378 et
733 1338 928 1379 codicum
964 1337 1175 1378 bonorum
1211 1340 1420 1389 omnium,
1452 1348 1497 1378 ut
1529 1337 1695 1379 scribe-

232 1427 350 1461 retur
385 1424 500 1459 certe
531 1421 644 1464 πίω
678 1416 808 1457 aliam
842 1425 990 1457 autem
1025 1429 1121 1456 esse
1154 1415 1282 1456 huius
1323 1415 1530 1471 loquendi
1562 1430 1694 1472 gene-

232 1499 292 1537 ris
333 1494 700 1551 significationem
742 1504 871 1550 atque
922 1497 1033 1544 eius,
1077 1509 1160 1549 quo
1204 1493 1334 1549 paulo
1375 1508 1507 1548 supra
1540 1492 1694 1535 Cicero

232 1589 336 1615 usus
368 1583 449 1625 est,
493 1580 609 1615 cerlo
655 1578 762 1622 scio,
797 1574 879 1614 hoc
919 1573 1090 1628 quidem
1124 1573 1221 1613 loco
1252 1581 1294 1613 et
1326 1574 1399 1628 qui
1435 1573 1475 1612 ei
1509 1580 1608 1612 sunt
1639 1573 1695 1612 si-

231 1653 373 1704 miles,
401 1653 659 1694 contortulis
688 1653 855 1693 Klotzii
885 1650 1343 1694 circumlocutionibus
1376 1665 1459 1692 non
1490 1651 1694 1699 adducor,

231 1740 276 1772 ut
322 1732 509 1772 credam.
581 1730 736 1786 Neque
777 1733 890 1771 enim
935 1729 1088 1771 Cicero
1134 1738 1296 1771 certum
1345 1744 1442 1770 esse
1482 1716 1603 1776 dicit,
1648 1743 1692 1769 se

231 1811 358 1860 scire,
400 1810 475 1849 sed
518 1811 745 1849 scientiam
791 1823 912 1848 suam
955 1814 1116 1848 certam
1162 1822 1258 1847 esse
1299 1822 1379 1848 nec
1421 1806 1692 1848 dubitatione

231 1886 511 1941 implicatam.
577 1886 730 1941 Itaque
774 1900 826 1926 eo
858 1887 1102 1936 devenitur,
1147 1894 1208 1936 ut,
1247 1885 1320 1926 ubi
1351 1884 1560 1926 adverbio
1589 1899 1692 1925 usus

231 1966 371 2019 magis
402 1963 571 2005 definiti
605 1963 726 2004 locus
759 1973 875 2004 esset
905 1964 1047 2017 (cerlo
1079 1964 1210 2016 scio),
1241 1962 1301 2003 ibi
1333 1964 1463 2004 etiam
1501 1977 1690 2004 commu-

232 2045 327 2082 nius
361 2044 522 2095 (certe)
565 2043 668 2097 poni
700 2044 894 2096 potuisse
936 2050 979 2082 et
1013 2056 1144 2097 prope
1175 2043 1334 2096 saepius
1365 2043 1554 2096 positum
1581 2055 1694 2091 esse,

235 2134 318 2159 non
347 2128 510 2168 contra,
542 2120 738 2159 codicum
764 2120 1022 2158 auctoritate
1052 2120 1158 2158 moti
1184 2127 1444 2165 statuamus,
1471 2119 1692 2173 (quemad·

232 2197 404 2237 modum
440 2197 622 2236 dicimus
655 2204 721 2236 et:
755 2197 838 2249 jeg
869 2195 978 2235 veecl
1018 2199 1106 2236 vest
1135 2204 1199 2236 et:
1227 2197 1310 2249 y‘eg
1344 2195 1555 2244 veedJor
1588 2199 1687 2245 υἱεῖ,

233 2274 353 2314 nullo
379 2273 660 2325 discrimine).
686 2273 718 2325 ¹)
787 2271 873 2320 Qui
901 2281 1045 2313 autem
1072 2287 1242 2313 omnem
1270 2273 1519 2313 huiusmodi
1546 2274 1692 2313 incon-

231 2353 434 2391 stantiam
485 2365 509 2390 a
548 2350 700 2405 lingua
741 2350 900 2391 Latina
936 2350 1173 2392 excludere
1205 2360 1441 2401 conantur,
1486 2359 1690 2406 tanquam

231 2427 421 2483 aliquam
466 2428 695 2479 maculam,
738 2443 802 2468 nae
846 2428 927 2479 illi,
972 2443 1065 2484 quae
1109 2431 1166 2469 sit
1208 2429 1447 2470 comrnunis
1478 2430 1691 2469 sermonis

233 2515 401 2556 natura,
445 2507 664 2560 ignorant.
734 2506 819 2548 Sed
862 2506 967 2558 haec,
1012 2516 1058 2547 ut
1101 2507 1212 2557 dixi,
1243 2508 1595 2562 praetermitmun
1638 2506 1689 2546 de

232 2582 320 2622 illis
354 2598 589 2637 exponam,
629 2598 723 2639 quae
762 2584 891 2625 huius
924 2585 1127 2625 editionis
1159 2594 1233 2626 aut
1269 2599 1443 2640 prorsus
1473 2592 1547 2624 arnt
1577 2585 1690 2624 inter

231 2662 551 2702 recentissimas
596 2670 695 2702 sunt
737 2664 925 2716 propria,
957 2677 1035 2702 nec
1066 2670 1209 2704 tamen
1231 2664 1298 2703 *de
1331 2661 1560 2708 omnibus3
1592 2674 1688 2701 nam

232 2737 464 2778 minutiora
496 2753 634 2793 neque
672 2754 748 2793 per
780 2753 826 2780 se
859 2740 990 2795 digna
1021 2740 1312 2795 disputatione
1345 2739 1426 2779 hoc
1455 2738 1556 2779 loco
1589 2747 1689 2779 sunt

258 2839 288 2880 ¹)
323 2837 418 2880 [Csr.
435 2815 556 2873 Hand.
577 2838 739 2874 Turseli.
765 2839 813 2879 ΙΙ,
842 2842 884 2873 14
907 2851 1000 2886 sqq„
1025 2838 1225 2885 Zumptius
1248 2838 1292 2872 ad
1316 2838 1424 2874 Vei-r.
1444 2838 1525 2872 Lib.
1554 2841 1566 2871 1
1594 2840 1614 2880 5
1638 2840 1684 2880 1.]
