1821 3309
1459 192 1557 244 123

151 330 309 385 igitur,
362 329 512 386 qualia
566 331 667 371 sint.
735 332 930 374 Primum
976 332 1286 390 Heusingerus
1333 347 1392 375 ex
1431 332 1626 375 Cornelii

149 405 334 464 Nepotis
357 409 388 462 ¹)
430 409 627 451 Eumene
672 425 706 453 c.
748 413 791 462 9,
831 413 859 451 2
900 412 1053 452 affert:
1098 412 1214 466 qnod
1253 412 1404 454 diebus
1438 418 1629 469 quinque

148 485 284 527 hostis
326 491 542 528 transisse
575 494 750 542 posset,
809 490 933 529 euius
987 498 1052 529 est
1093 489 1237 529 simile
1283 491 1398 545 apud
1444 491 1623 534 Livium

149 563 404 613 XXXVII,
438 567 513 606 19:
556 566 673 620 qnod
715 565 918 621 (bellum)
945 581 1174 622 possumus
1203 591 1259 598 -—
1292 574 1396 609 ante
1429 567 1625 621 hiemem,

148 642 235 683 diis
268 642 527 695 volentibus,
556 643 812 699 perfece‘sse.
879 645 1075 702 Utroque
1112 645 1210 687 loco
1243 647 1482 702 perfectum
1527 663 1625 704 pro·

148 722 243 778 pria
276 720 602 777 significatione
648 725 838 779 positum
885 734 951 766 est
984 725 1037 766 ad
1083 726 1359 767 indicandam
1395 728 1459 768 rei
1496 725 1625 769 abso·

147 797 388 852 lationem,
435 801 588 843 eodem
634 803 788 854 modo,
830 818 915 859 quo
961 804 1075 859 apud
1122 804 1382 846 Sallustium
1424 805 1624 862 Iugurth.

148 893 183 920 c.
215 881 321 921 106:
352 880 514 921 milltes
537 887 742 922 coenatos
778 896 870 923 esse
900 881 1034 934 iubet,
1066 892 1109 924 et
1141 884 1253 940 apud
1282 883 1492 926 Ovidium
1525 884 1626 927 Tri·

147 966 200 1001 st.
219 957 300 1010 IV,
330 961 372 1010 2,
402 961 453 1001 2:
482 960 580 1001 Iam
610 960 735 1001 Victa
761 961 1036 1015 polesfle.1.·o
1061 962 1347 1015 procubuisse
1373 977 1492 1017 genu
1524 963 1626 1016 (hoc

151 1045 239 1079 est:
265 1039 349 1078 iam
379 1047 522 1092 potest
545 1039 729 1079 victoria
752 1037 953 1079 absoluta
978 1040 1108 1091 esse),
1129 1048 1171 1080 et
1195 1042 1475 1082 coniunctis-0
1499 1042 1628 1084 modo

146 1115 260 1170 apud
301 1115 478 1157 Livium
524 1116 751 1167 XXVIII,
799 1119 869 1168 14,
899 1119 949 1159 7:
987 1119 1215 1160 Tesserum
1261 1119 1397 1170 dedit,
1444 1127 1492 1162 ut
1524 1127 1628 1163 ante

146 1194 283 1235 lucem
316 1199 480 1249 pransi
521 1201 663 1236 essent
680 1196 737 1250 ²).
803 1195 958 1252 Neque
993 1196 1122 1238 aliter
1165 1198 1282 1238 dixit
1325 1198 1469 1240 Varro
1500 1199 1554 1241 L.
1573 1199 1625 1241 L.

146 1271 211 1314 lx
243 1289 282 1330 p.
312 1272 388 1314 133
419 1272 541 1329 Bip.:
607 1272 714 1322 (lues
759 1289 871 1316 emm
917 1281 1065 1330 polest
1103 1290 1188 1318 mm
1220 1291 1308 1318 una
1348 1278 1450 1331 (hoc
1483 1292 1630 1320 corru-

144 1359 285 1408 ptum)
316 1353 697 1404 αιιίιηαιῖυενὶίεεε,
729 1357 774 1394 z‘u
807 1358 925 1395 omni
947 1360 1149 1397 oratione
1170 1362 1271 1397 cett.
1339 1356 1421 1406 (W
1425 1371 1472 1398 er
1505 1355 1624 1399 kann

151 1445 198 1472 es
230 1430 491 1472 unbemerkt
522 1431 728 1488 gelassen
765 1432 962 1486 habenl)

262 1509 427 1551 Praeter
470 1510 562 1552 haec
608 1526 741 1552 unum
778 1511 1034 1567 exemplum
1065 1512 1403 1569 Heusingerus9
1441 1512 1625 1555 alterum

151 1588 468 1631 Ramshornius
502 1604 560 1631 ex
594 1589 682 1631 alio
714 1604 875 1646 genere
907 1590 1119 1647 protulit,
1164 1592 1279 1648 quod
1311 1593 1348 1633 si
1381 1600 1518 1634 totum
1557 1606 1627 1634 co·

177 1794 204 1834 ¹)
243 1791 466 1826 Cornelium
493 1792 593 1825 enim
623 1791 726 1825 hunc
758 1803 854 1833 esse,
882 1792 975 1826 mihi
1003 1804 1081 1827 non
1108 1793 1284 1840 eripitur,
1309 1794 1349 1828 in
1371 1806 1446 1842 quo
1475 1805 1544 1829 nec
1573 1796 1627 1830 ιιΙ-

242 1853 321 1887 lum
358 1854 563 1900 vestigium
600 1853 800 1888 inferioris
843 1854 965 1888 fetatis
1002 1866 1129 1889 rerum
1156 1860 1221 1889 aut
1246 1855 1439 1900 cogitandi
1466 1857 1629 1891 rationis

240 1914 485 1962 deprehendo
519 1928 590 1951 nec
628 1916 745 1950 ullam
784 1920 913 1950 notam
940 1917 1127 1950 sermonis
1157 1921 1373 1963 temporum
1398 1917 1630 1953 Theodosia-

239 1990 398 2019 norum,
431 1979 473 2012 in
513 1991 677 2026 quorum
715 1978 977 2023 cognitionem
1012 1978 1128 2024 paulo
1170 1978 1395 2024 diligentius
1422 1980 1560 2014 vellem
1590 1992 1629 2015 se

241 2040 526 2080 insinuassent,
568 2040 633 2087 qui
671 2040 891 2086 nuperrime
927 2040 1039 2074 etiam
1069 2039 1115 2072 de
1142 2039 1267 2073 Probo
1299 2044 1499 2088 tantopere
1521 2042 1625 2077 adse-

241 2107 443 2146 verarunt;
487 2106 567 2136 tuln
594 2107 720 2136 autem
750 2101 922 2136 Cornelii
952 2100 1240 2148 simplieitatem
1268 2106 1306 2135 et
1330 2103 1457 2137 minus
1486 2103 1627 2151 expoli-

240 2170 321 2199 tum
360 2164 513 2199 dicendi
550 2176 670 2210 genus
711 2168 748 2198 et
783 2163 1064 2211 quodaminodo
1101 2163 1327 2210 quotidiano
1362 2165 1522 2212 propius
1549 2177 1627 2200 non

241 2239 327 2261 eum
363 2226 564 2261 Ciceronis
600 2226 752 2261 exculta
794 2224 983 2270 elegantia
1021 2231 1329 2272 comparassent,
1374 2227 1441 2261 sed
1467 2239 1553 2262 eum
1579 2228 1628 2262 iis

242 2289 346 2324 notis
382 2288 584 2323 familiaris
621 2293 659 2323 et
697 2286 914 2335 quotidiani
952 2288 1104 2333 generis
1134 2289 1346 2330 sermonis,
1373 2301 1454 2337 quae
1481 2295 1628 2326 exstant

241 2351 342 2398 apud
369 2351 579 2392 Caesarem,
617 2361 845 2398 quamquam
871 2360 954 2396 lpse
979 2349 1101 2383 multo
1129 2350 1342 2396 elegantior
1368 2356 1447 2392 est,
1474 2357 1512 2386 et
1527 2351 1627 2398 apud

240 2412 452 2446 Varronem
485 2413 527 2446 in
563 2423 692 2446 rerum
723 2411 954 2446 rusticarum
983 2411 1118 2452 libris,
1145 2417 1333 2458 quatenus
1364 2414 1625 2460 antiquarium

245 2485 322 2508 non
348 2476 437 2519 agit.

174 2538 204 2580 ²)
245 2536 367 2570 Citari
399 2535 511 2570 etiam
541 2533 721 2568 Sallustii
747 2532 858 2568 video
885 2533 1000 2569 verba
1027 2546 1071 2570 ex
1098 2532 1269 2580 Iugurth.
1292 2536 1360 2568 31:
1400 2547 1519 2582 neque
1551 2549 1628 2583 eqo.

248 2598 430 2644 Quin-itm,
455 2599 596 2636 hortor,
624 2602 663 2630 ut
690 2596 831 2629 malitis
865 2596 962 2630 cives
983 2602 1125 2631 vestros
1149 2609 1347 2642 perperam
1384 2610 1494 2645 quam
1529 2605 1630 2634 recte

238 2661 376 2706 secisse
402 2664 477 2706 qe,
508 2656 619 2692 valde
649 2668 829 2704 perversa
857 2657 1071 2703 sententia3
1099 2670 1178 2692 non
1204 2657 1331 2704 agitur
1361 2658 1407 2693 de
1435 2670 1491 2701 eo,
1526 2660 1628 2708 quod

241 2721 343 2757 cives
367 2721 522 2766 faciant,
549 2722 616 2758 sed
647 2723 694 2758 de
724 2718 949 2770 quaestione,
977 2719 1069 2766 quid
1095 2719 1272 2755 fecerint.
1333 2720 1477 2767 Optare
1513 2721 1626 2756 dehet

242 2785 420 2832 populus,
457 2789 501 2818 ut
537 2789 642 2819 reete
666 2784 804 2831 fecisse
839 2782 880 2817 in
917 2782 1064 2818 iudicio
1094 2783 1392 2829 comperiantur,
1421 2794 1499 2818 non
1528 2793 1626 2828 quae-

246 2845 408 2882 stionem
445 2845 651 2882 remittere.
