1821 3309
274 237 374 287 332

207 376 423 421 contrahit
452 385 496 419 et
536 382 698 417 mutat:
743 380 910 430 quoties
952 380 1000 417 tn
1042 375 1317 430 designatum
1344 376 1560 418 consulem
1593 382 1661 419 in-

205 457 406 508 terficere
434 458 644 499 voluisti?
673 457 723 499 In
755 457 953 498 oratione
986 462 1130 496 autem
1171 453 1215 496 II
1244 457 1268 507 §
1297 456 1354 496 22
1382 470 1461 512 pro
1494 456 1662 497 rariore

205 552 315 580 voce
357 536 572 579 talaribus
617 538 762 594 (quam
811 534 972 578 salisb.
1021 543 1196 585 servat3
1257 535 1309 576 de
1353 534 1509 579 Colon·
1551 533 1664 576 nihil

207 619 394 669 constat)
426 625 608 673 uterque
643 632 739 658 cum
775 630 862 656 uno
893 623 936 655 et
966 613 1105 654 altero
1135 622 1343 670 praeterea
1378 613 1662 656 substitutum

206 695 340 738 habet
390 697 663 752 ineptissime
713 698 831 736 tritis
885 693 981 748 (alii
1034 697 1154 734 tritis
1209 693 1452 745 talaribus,
1512 703 1664 750 aperta

207 776 427 832 origine),·
468 776 705 831 eodemque
749 774 877 815 modo
918 772 983 813 III
1018 776 1040 824 ξ
1069 774 1096 814 3
1126 788 1203 828 pro
1234 777 1500 815 restitissent
1529 773 1665 831 (quod

208 855 562 911 Salisburgensis
610 869 706 895 cum
744 855 894 910 paucis
948 854 1127 893 minoris
1174 854 1444 894 auctoritatis
1499 854 1664 908 servat)

205 935 274 976 illi
307 935 392 976 duo
428 949 524 976 cum
560 943 704 976 cetera
736 932 863 974 turba
905 932 1068 974 habent
1097 933 1301 973 usitatius
1334 934 1379 973 in
1413 947 1464 974 ea
1493 931 1666 988 signifi-

207 1016 377 1056 catione
407 1013 588 1055 verbum
620 1017 943 1055 remansissent.
1003 1012 1118 1066 (Par.
1145 1026 1257 1052 unus
1283 1015 1593 1053 remansissent
1620 1017 1668 1054 et

206 1096 505 1147 restitissent).
528 1094 560 1147 ¹)
620 1092 668 1134 In
698 1101 807 1134 orat.
840 1091 905 1132 ΙΙΙ
936 1096 959 1145 ξ
992 1093 1046 1132 10
1073 1090 1422 1146 Tegernseensis
1453 1106 1548 1132 cum
1576 1105 1664 1133 uno

205 1171 529 1227 Duisburgensi
559 1180 721 1223 servat,
748 1171 861 1228 quod
889 1169 1089 1211 Muretus
1117 1171 1366 1211 coniectura
1392 1178 1665 1226 reppererat:

207 1255 475 1306 recepissent
519 1250 620 1303 (hoc
650 1259 731 1299 est,
767 1251 1110 1304 promisissent),
1144 1264 1223 1305 pro
1256 1264 1340 1305 quo
1395 1257 1438 1290 et
1468 1250 1514 1290 in
1546 1248 1664 1291 Rhe-

207 1331 439 1387 naugiensi
471 1338 512 1369 et
538 1330 582 1369 in
614 1330 769 1369 ceteris
798 1329 945 1381 (etiam
971 1327 1316 1384 Salisburgensi)
1347 1337 1412 1369 est
1427 1331 1666 1383 proecepis-

205 1410 369 1463 sent-2)
437 1408 540 1460 Sed,
582 1422 636 1449 ne
681 1408 809 1448 nimis
853 1409 896 1448 in
938 1409 1262 1463 comparatione
1294 1416 1514 1463 prematur
1549 1407 1667 1449 Rhe-

206 1489 478 1545 naugiensiS,
524 1503 623 1528 ecce
665 1489 709 1528 in
753 1489 957 1543 proxima
998 1490 1021 1539 ξ
1061 1489 1111 1527 11
1156 1485 1506 1543 Tegernseensis
1543 1486 1667 1529 solus

204 1585 284 1627 pro
313 1568 508 1620 infitiari
545 1566 678 1608 habet
711 1581 772 1607 ex
813 1565 1002 1608 absurda
1033 1568 1419 1622 interpretatione:
1464 1567 1538 1608 vel
1561 1566 1664 1611 infi-

206 1653 317 1691 tiari
361 1647 675 1701 infirmor-ique.
739 1645 896 1688 Paullo
947 1655 1045 1703 post
1097 1649 1119 1698 ξ
1163 1648 1218 1687 16
1255 1661 1334 1703 pro
1383 1647 1434 1688 P.
1482 1645 1669 1689 Lentuli

206 1742 394 1771 somnum
437 1728 481 1767 in
522 1726 854 1782 Rhenaugiensi
903 1726 967 1779 (ut
1009 1728 1054 1766 in
1095 1724 1265 1767 duobus
1310 1725 1664 1781 Oxoniensibus)

206 1810 413 1863 scriptum
441 1815 507 1846 est
535 1809 767 1854 somnz’um3
799 1805 899 1846 hinc
925 1815 1026 1846 nata
1054 1813 1121 1845 est
1148 1803 1239 1845 haec
1268 1806 1311 1845 in
1337 1804 1665 1862 Tegernseensi
1729 1804 1731 1806 μ

203 1885 508 1943 interpolatio:
538 1885 587 1925 P.
619 1884 821 1934 Lentnli,
853 1888 930 1940 qni
957 1883 1133 1926 dicebat
1161 1888 1463 1939 imperatorem
1493 1899 1541 1926 se
1571 1898 1665 1926 esse

206 1981 322 2009 anno
367 1967 444 2007 illo
490 1978 583 2005 cnm
625 1968 808 2005 interitu
851 1962 970 2004 urbis
988 1962 1213 2016 fntnrnm,
1244 1968 1467 2005 somnium.
1535 1963 1665 2006 Com-
1700 1999 1703 2003 ,

206 2048 396 2090 munitet
422 2053 568 2086 autem
598 2052 642 2085 et
668 2043 739 2085 hic
772 2052 953 2099 uterque
985 2043 1128 2085 codex
1159 2051 1202 2084 et
1231 2042 1499 2100 reliquorum
1531 2043 1666 2101 longe

232 2241 266 2285 ¹)
304 2239 389 2273 Hoc
412 2238 499 2272 loco
528 2237 706 2272 Rlotzius
733 2235 1001 2283 interpolatam
1026 2235 1255 2283 scripturam
1279 2240 1434 2271 secutus
1461 2241 1529 2272 est.

229 2304 262 2348 ²)
298 2300 479 2336 Rlotzius
513 2300 707 2334 revocavit
741 2299 1020 2345 preecepissent,
1046 2299 1195 2345 opinor,
1220 2303 1264 2333 ut
1289 2301 1363 2334 sibi
1384 2298 1595 2334 referretur
1619 2300 1666 2336 ad

298 2363 540 2409 Allobroges.
599 2361 676 2396 Sed
711 2372 759 2394 ne
794 2360 887 2408 quid
923 2360 1045 2394 dicam
1072 2360 1117 2394 de
1144 2361 1347 2395 contrariis
1373 2361 1553 2396 membris
1580 2362 1666 2397 dili-

299 2431 434 2472 genter
458 2426 560 2459 inter
587 2435 626 2458 se
653 2423 784 2457 relatis
812 2426 911 2471 (quae
937 2424 1015 2467 ipse
1040 2424 1179 2467 legatis
1207 2424 1463 2470 confirmasset
1489 2429 1546 2459 et:
1584 2438 1667 2471 quw

298 2489 372 2523 sibi
396 2489 518 2534 leqati
540 2487 811 2532 recepissent),
839 2485 1033 2520 soloecum
1059 2489 1140 2518 tum
1169 2485 1215 2519 fit
1241 2499 1365 2520 corum
1388 2499 1458 2533 pro
1487 2489 1570 2534 δαίς
1594 2498 1666 2521 nee

296 2548 415 2595 legati
437 2550 666 2595 praecipiunt
690 2547 844 2596 populo.
893 2546 1113 2581 mirabilius
1128 2551 1198 2588 est,
1225 2547 1326 2595 quod
1343 2548 1519 2583 lilotzius
1534 2548 1664 2596 paullo

298 2616 387 2646 ante
422 2616 555 2646 contra
588 2611 740 2645 codices
766 2611 1088 2656 Tegernseenscm
1123 2613 1161 2643 et
1187 2608 1516 2657 Rhenaugiensem
1551 2609 1664 2644 alios-

299 2684 373 2719 que
398 2673 604 2715 revocavit,
629 2673 731 2720 quod
757 2672 925 2707 Orellius
953 2671 1137 2707 eiecerat:
1169 2672 1331 2718 Cethego
1357 2674 1506 2707 nimium
1524 2673 1566 2706 id
1583 2673 1662 2708 lon·

297 2747 384 2780 glum
408 2736 554 2775 videri,
591 2735 700 2781 quasi
736 2747 815 2769 non
846 2733 1049 2768 manifesto
1084 2732 1158 2767 hoe
1191 2733 1353 2768 verbum
1384 2733 1577 2768 referatur
1614 2734 1664 2770 ad

301 2798 419 2840 [hanc
443 2798 748 2839 controversiam)
783 2797 882 2844 quod
907 2796 1083 2839 (Lentulo
1107 2797 1275 2840 placeret
1299 2814 1344 2821 —
1376 2795 1537 2843 Cethego
1562 2797 1663 2833 vide-

298 2859 436 2901 retur).
499 2857 597 2904 (Nec
632 2857 734 2894 Galli
770 2858 950 2895 dicebant
983 2856 1153 2903 Cethego
1184 2856 1226 2893 id
1259 2858 1393 2899 videri,
1446 2858 1515 2895 scd
1545 2859 1664 2895 visum

301 2920 409 2963 esse.)
