1821 3309
268 164 337 215 88

202 311 294 347 stra
318 310 601 359 properasset
634 304 755 357 (dass
789 320 836 348 er
867 315 1066 348 umsonst
1099 305 1237 362 geeilt
1270 305 1414 348 haben
1448 306 1598 362 sollte)
1629 316 1674 349 et

205 382 318 437 apud
353 381 532 424 Livium
566 383 702 436 XXI,
731 386 810 427 33:
838 399 893 426 ne
925 409 980 417 —
997 384 1182 437 frustra
1213 386 1502 428 traduxisset.
1544 385 1675 427 Pror-

203 474 275 502 sus
321 460 423 503 huic
464 464 617 518 generi
647 464 900 506 adiunctum
930 473 1023 515 est,
1064 479 1194 520 quum
1226 465 1374 507 futuro
1406 472 1564 506 exacto
1595 477 1677 505 ex-

204 540 431 596 primitur,
480 543 583 597 quid
627 543 775 584 futuro
818 552 1014 599 tempore
1059 542 1266 585 affirmari
1301 545 1512 600 negarive
1543 542 1596 583 de
1626 555 1675 583 re

204 620 424 674 praeterita
454 622 609 674 possit,
641 630 687 662 ut
718 622 830 677 apud
849 621 1197 672 Quinctilianum
1233 623 1290 675 V,
1310 626 1352 674 9,
1382 625 1431 664 9;
1461 619 1566 664 Non
1591 623 1676 662 uli·

205 710 310 752 que,
352 701 431 752 qui
461 704 621 739 vestem
656 706 879 741 cruentam
912 699 1140 753 habuerit,
1184 701 1463 742 home‘ce'cle'um
1497 698 1675 750 fecerit

205 775 330 828 (wird
377 777 505 816 einen
549 775 679 818 Mord
725 776 961 834 begangen
1007 779 1199 832 haben);
1249 794 1390 835 neque
1435 780 1550 820 enim
1592 777 1676 819 hoc

205 853 302 896 loco
347 853 544 911 vulgaris
583 855 662 897 illa
713 858 963 899 coniunctio
1008 858 1255 899 futurorum
1301 865 1559 898 exactorum
1594 863 1677 908 est,

206 935 473 990 propiusque
518 933 696 984 fecerit
735 936 904 977 accedit
966 936 1019 978 ad
1060 935 1191 986 fecit
1243 951 1371 992 quam
1423 935 1476 976 ad
1504 933 1674 984 faciet.

209 1011 275 1054 De
315 1012 462 1055 futuro
503 1014 547 1053 in
574 1027 620 1054 so
654 1013 768 1055 idem
803 1015 896 1066 hic,
940 1015 1052 1070 quod
1088 1017 1132 1055 in
1163 1013 1493 1071 superioribuS,
1524 1022 1676 1056 tenen·

210 1090 310 1132 dum
346 1099 426 1132 est.

339 1169 486 1226 Atque
518 1170 561 1212 hi
594 1171 766 1227 quidem
799 1173 927 1227 primi
958 1181 1058 1213 sunt
1088 1172 1223 1213 futuri
1254 1172 1402 1212 exacti
1433 1169 1569 1220 fines;
1599 1171 1676 1212 sed

209 1245 392 1290 liberius
423 1249 555 1303 paulo
584 1264 688 1291 usus
721 1260 934 1306 evagatus
970 1260 1062 1302 est,
1094 1252 1288 1292 maxime
1323 1249 1489 1291 scilicet
1520 1258 1563 1291 et
1580 1249 1677 1292 lon·

209 1326 388 1380 gissime
420 1328 534 1382 apud
566 1330 779 1380 comicos,
811 1329 851 1369 id
889 1338 978 1380 est,
1015 1331 1057 1369 in
1090 1329 1300 1370 familiari
1329 1343 1532 1370 sermone
1566 1329 1679 1370 anti·

210 1418 322 1459 quo,
369 1406 430 1446 ita
461 1414 635 1456 tamen,
678 1416 723 1447 ut
756 1409 886 1448 etiam
928 1408 1042 1464 apud
1074 1407 1186 1449 alios
1216 1409 1452 1462 scriptores
1479 1406 1675 1462 quaedam

212 1483 399 1539 vestigia
430 1485 524 1525 eius
556 1484 774 1526 libertatis
802 1488 1090 1541 reperiantur.
1152 1486 1222 1527 De
1242 1500 1326 1541 quo
1344 1499 1506 1542 genere
1526 1484 1679 1542 vulgo,

211 1563 387 1603 comicis
419 1562 640 1615 exclusis,
675 1563 785 1606 nihil
817 1563 934 1606 aliud
968 1565 1151 1617 docent,
1191 1566 1276 1606 nisi
1318 1562 1559 1605 celeritatis
1596 1562 1679 1605 ali·

209 1655 337 1696 quam
369 1643 590 1683 notionem
624 1644 667 1684 in
698 1644 845 1685 futuro
882 1652 1040 1684 exacto
1074 1645 1232 1691 inesse,
1267 1657 1397 1698 quum
1429 1651 1575 1683 tamen
1592 1651 1680 1684 sta·

211 1721 285 1760 tim
319 1734 370 1762 ea
402 1719 638 1761 subiiciant
669 1722 876 1775 exempla
920 1725 1040 1773 (sunt
1073 1723 1188 1762 enim
1238 1735 1290 1762 ea
1322 1721 1680 1776 frequentissima

211 1798 326 1853 apud
361 1797 653 1853 Ciceronem),
704 1801 748 1840 in
780 1799 937 1854 quibus
971 1801 1014 1839 in
1047 1814 1093 1839 re
1127 1799 1370 1839 differenda
1406 1808 1449 1839 et
1480 1800 1524 1839 in
1558 1797 1677 1841 aliud

211 1886 382 1932 tempus
409 1878 647 1919 reiicienda
677 1878 721 1918 id
752 1887 922 1933 tempus
954 1885 1140 1931 ponatur
1180 1876 1302 1928 (Post
1331 1876 1480 1918 videro
1510 1877 1679 1932 &e.)¹).

210 1953 304 1997 Nec
336 1957 409 2010 qui
440 1956 493 1997 ad
525 1959 714 1997 comicos
749 1958 943 1998 maxime
975 1955 1315 2011 disputationem
1344 1954 1543 2006 contulit,
1574 1955 1681 1998 Lin-

212 2033 453 2075 demannus
482 2034 552 2090 (ad
582 2034 723 2076 Plaut.
754 2033 877 2091 Capt.
909 2033 976 2085 ΙΙ,
1005 2036 1061 2085 2,
1093 2034 1191 2086 60),
1223 2047 1349 2088 quam
1381 2031 1472 2074 late
1501 2048 1573 2075 res
1605 2048 1679 2091 pa·

213 2121 352 2162 teret,
391 2115 620 2168 perspexit
662 2113 1029 2168 exemplorumve
1069 2125 1235 2166 genera
1275 2119 1318 2151 et
1365 2113 1679 2165 proprietatem

214 2190 483 2243 distinxit2).
542 2190 781 2232 Derivatur
826 2200 972 2232 autem
1015 2191 1155 2231 omnis
1196 2188 1268 2230 hic
1308 2202 1413 2230 usus
1447 2203 1507 2230 ex
1542 2204 1594 2231 ea
1623 2191 1682 2233 si-

240 2299 271 2340 ¹)
303 2295 631 2333 esi-,Matthiaeus
647 2298 672 2334 l.
688 2311 716 2333 e.
731 2303 840 2346 p.25‚
864 2299 1068 2346 Zumptius
1092 2301 1113 2341 §
1139 2300 1223 2339 511,
1245 2296 1521 2332 Grotefendins
1544 2296 1680 2332 Schul-

307 2370 460 2404 gramm.
493 2372 531 2406 p.
570 2363 651 2401 142,
676 2361 849 2396 Britzius
873 2362 918 2396 ad
946 2362 1035 2396 Sall.
1062 2361 1146 2406 lug.
1187 2363 1269 2401 106,
1308 2362 1341 2395 4.
1403 2358 1680 2394 Ramshornius

306 2423 359 2467 (p.
389 2423 476 2466 602)
515 2422 630 2456 etiam
663 2423 920 2458 urbanitatem
946 2425 1073 2458 inesse
1110 2422 1208 2463 vult,
1236 2421 1363 2456 omnia
1389 2420 1563 2467 alioquin
1596 2431 1680 2467 per-

307 2482 484 2518 miscens.
539 2483 695 2529 [Melius
723 2484 895 2531 quaedam
922 2485 1059 2520 ceteris
1087 2482 1439 2518 Weissenbornius
1466 2494 1566 2517 anno
1589 2484 1682 2516 1838

304 2545 481 2591 exposuit
506 2545 546 2579 in
573 2545 736 2581 Gramm.
763 2547 844 2582 Lat.
871 2549 892 2589 ἓ
918 2549 982 2580 171
1011 2547 1113 2591 not.]

235 2607 270 2647 2)
307 2605 609 2652 Quadi-uplieem
642 2607 755 2653 ponit
789 2607 915 2641 futuri
953 2607 1074 2641 exacti
1111 2620 1236 2650 usum,
1274 2606 1440 2654 primum
1460 2602 1678 2649 vulgatissi-

304 2677 418 2708 mum,
445 2668 667 2710 seeundum,
691 2668 732 2702 in
758 2680 834 2716 quo
861 2669 1050 2703 actionem
1086 2667 1257 2704 futuram
1291 2669 1593 2702 momentaneam
1629 2665 1677 2699 si-

304 2726 482 2772 gnificet3
508 2728 548 2762 in
566 2739 609 2762 eo
624 2739 763 2773 genere
786 2737 943 2774 potuero
971 2734 1148 2764 numerat
1170 2741 1240 2777 pro
1264 2733 1409 2774 potero,
1442 2725 1488 2760 de
1516 2737 1590 2772 quo
1617 2737 1679 2760 su-

302 2799 369 2834 pra
395 2787 488 2830 dixi,
514 2794 553 2823 et
575 2790 729 2830 videro,-
754 2792 912 2826 tertium
937 2792 1043 2833 facit,
1069 2792 1111 2825 in
1140 2802 1215 2837 quo
1246 2787 1460 2824 celeritatis
1486 2785 1678 2821 indicium

303 2849 375 2890 sit;
404 2854 595 2896 quartum,
622 2862 732 2898 quem
752 2851 813 2887 his
834 2852 962 2887 verbis
984 2853 1068 2899 ipse
1087 2850 1294 2886 describit:
1323 2848 1477 2884 ”Habet
1503 2847 1678 2883 futurum

303 2916 475 2946 extimum
501 2912 665 2959 aliquam
687 2914 899 2949 eommunis
921 2914 1115 2960 opinionis
1139 2918 1205 2948 aut
1225 2910 1524 2959 exspectationis
1556 2908 1693 2953 signi„-
