1821 3309
264 245 363 294 304

197 400 329 443 quum
371 384 414 426 id
453 394 539 425 non
577 379 907 436 intelligerent,
955 381 1214 439 particulam
1256 384 1508 439 negativam
1542 384 1664 426 addi·

196 467 353 507 derunt
393 464 500 515 (non
547 461 783 515 dubitem),
829 475 913 517 qua
955 462 1093 501 ascita
1135 475 1221 502 non
1263 461 1406 503 solum
1446 463 1665 518 frangitur

197 546 364 595 oratio,
413 543 489 583 sed
541 541 695 582 modus
744 539 870 581 verbi
920 553 1135 580 summam
1192 542 1456 596 pravitatem
1507 541 1665 590 habet;

197 638 296 665 nam
338 621 584 663 dubitativa
621 620 787 670 forma,
835 634 963 675 quam
998 617 1246 660 Beneckius
1279 619 1435 676 fingit,
1481 620 1535 661 ab
1582 620 1664 661 hac

195 703 241 743 in
273 700 530 756 corrigendo
560 700 886 740 asseveratione
913 698 1183 738 alienissima
1202 707 1282 738 est.
1340 697 1494 754 Neque
1523 700 1666 739 minus

197 790 361 823 certum
395 788 484 830 est,
530 777 635 832 §25
678 779 720 820 in
757 777 840 818 hoc
869 776 965 817 solo
1001 785 1103 817 noto
1139 777 1287 817 codice
1320 777 1436 830 (nam
1472 778 1516 817 in
1551 792 1665 817 mar-

195 862 298 917 gine
332 857 610 899 Lambiniaui
655 855 850 911 exempli
892 855 977 895 duo
1020 855 1190 895 codices
1222 855 1515 910 appellantur)
1545 863 1665 896 recte

196 940 405 994 scriptum
448 950 569 978 esse:
615 936 764 990 Atque
801 938 848 975 τη
881 932 961 973 hoc
990 933 1160 988 quidem
1193 935 1266 975 vel
1297 948 1389 975 cum
1423 934 1664 983 mendacio,

196 1022 238 1058 si
266 1018 438 1066 vele'le's,
477 1016 758 1070 glorc'enn'ui3
796 1028 881 1068 per
911 1027 975 1053 me
1007 1013 1139 1063 licet,
1178 1011 1251 1053 ubi
1283 1012 1325 1053 in
1362 1014 1542 1063 ceteris,
1576 1026 1663 1053 non

196 1095 502 1137 animadversa
534 1093 614 1134 hac
646 1101 886 1134 structura:
914 1092 1172 1146 glore'emz'm'
1201 1092 1330 1143 lecet,
1378 1091 1558 1132 verbum
1593 1105 1665 1132 ac-

197 1173 516 1217 commodatum
549 1181 615 1212 est
646 1172 697 1212 ad
730 1171 900 1220 velitis,
951 1177 997 1209 ut
1031 1178 1170 1209 esset:
1216 1174 1258 1210 si
1286 1171 1433 1211 velitis
1458 1171 1666 1225 gloriari,

198 1269 259 1296 ex
304 1267 388 1309 qua
426 1251 641 1305 scriptura
685 1249 866 1290 alteram
909 1247 1031 1287 illam
1076 1248 1365 1301 (gloriantur)
1411 1250 1530 1289 nasci
1577 1262 1664 1289 non

196 1333 394 1387 potuisse
437 1336 632 1383 apparet.
714 1328 835 1368 Idem
876 1339 987 1365 unus
1027 1339 1050 1364 e
1089 1325 1346 1366 melioribus
1389 1326 1548 1378 codex,
1583 1326 1661 1368 sed

196 1425 292 1452 cum
338 1407 629 1449 deterioribus
670 1406 837 1461 aliquot
877 1405 1134 1444 coniunctus
1190 1406 1212 1454 ξ
1246 1405 1301 1444 17
1343 1419 1488 1445 veram
1532 1404 1697 1446 habet‘

196 1488 407 1530 orationis
453 1486 637 1527 formam
680 1486 722 1526 in
771 1482 961 1537 simplici
1001 1482 1270 1522 condicionis
1314 1481 1666 1537 significatione:

193 1568 266 1611 Ac
309 1564 416 1607 mihi
454 1564 649 1619 quidem,
706 1567 749 1604 si
779 1565 1006 1617 proprium
1059 1566 1104 1601 et
1141 1574 1287 1601 veram
1328 1575 1481 1602 nomen
1524 1565 1667 1602 nostri

196 1648 305 1689 mali
333 1647 570 1701 qncerilur,
606 1639 779 1690 fatalis
809 1640 1004 1696 quaedam
1040 1637 1271 1679 calumnas
1301 1639 1511 1680 incidisse
1540 1640 1662 1681 vecle-

195 1733 293 1776 την,
345 1723 420 1764 ubi
458 1724 502 1762 in
542 1720 723 1776 reliquis
767 1728 832 1760 est
878 1723 1125 1774 quoeralur,
1175 1719 1298 1773 quasi
1341 1716 1495 1759 Cicero
1526 1719 1664 1773 signi-

196 1804 321 1854 ficet,
370 1816 454 1843 non
497 1800 657 1855 quaeri,
712 1799 775 1851 (ut
817 1798 941 1852 sequi
987 1798 1118 1836 etiam
1169 1795 1369 1836 debuerit
1425 1797 1663 1851 videatur).

195 1882 307 1925 Nam
351 1895 447 1921 cum
488 1879 689 1928 videtur,
744 1891 828 1917 non
871 1889 966 1916 cum
1005 1873 1178 1914 infinita
1215 1876 1433 1915 sententia
1465 1876 1660 1916 condicio

197 1961 483 2004 connectitur.
543 1958 688 2011 Atque
720 1953 891 1995 duobus
920 1952 1354 2008 supe1-iorib1··slocis
1383 1968 1512 2008 quum
1549 1956 1663 1995 veri-

195 2048 328 2081 tatem
358 2039 442 2078 iam
476 2037 644 2091 priores
675 2034 813 2074 secuti
846 2041 1006 2081 essent,
1037 2030 1260 2078 Klotzius,
1283 2030 1545 2083 Beneckius‚
1565 2031 1664 2074 Sol-

194 2119 332 2158 danus
364 2131 389 2156 a
419 2113 619 2168 frugibus
654 2113 706 2152 ad
739 2110 922 2166 glandes
954 2110 1191 2150 redierunt.
1217 2110 1248 2162 ¹)
1308 2109 1505 2150 Retinuit
1528 2112 1660 2152 etiam

196 2193 476 2236 Coloniensis
522 2204 617 2231 cum
660 2188 850 2229 Victorii
894 2196 936 2228 et
973 2187 1180 2227 Lambini
1225 2185 1447 2227 codicibus
1490 2196 1533 2228 et
1568 2187 1661 2243 ple-

194 2276 338 2328 risque
369 2269 598 2311 deterioris
627 2265 806 2307 familiae
836 2266 879 2306 in
914 2266 937 2317 §
966 2267 1017 2305 31
1055 2265 1166 2305 hanc
1197 2280 1345 2306 veram
1377 2266 1660 2320 scriptun-arnt

196 2364 352 2393 causas
389 2347 508 2402 apud
539 2352 582 2387 te
614 2348 860 2400 rogantium
888 2347 1178 2398 gratiosiores
1220 2357 1312 2384 esse
1340 2357 1464 2398 quam
1500 2345 1660 2396 vallae,

194 2432 238 2470 in
271 2442 355 2485 qua
390 2434 490 2482 apta
522 2433 564 2466 et
592 2424 840 2464 necessaria
874 2431 939 2462 est
970 2436 1254 2476 personarum
1291 2431 1488 2463 notarum
1519 2423 1665 2478 signi-

197 2506 343 2549 ficatio
386 2505 536 2560 (quam
577 2508 676 2544 tems
710 2507 823 2542 esset
853 2503 1127 2542 necessarius
1157 2504 1223 2552 is,
1267 2504 1345 2555 qm·
1379 2506 1423 2541 te
1461 2502 1658 2555 oraret),-

220 2707 250 2749 ¹)
288 2703 478 2737 Soldanus
508 2700 694 2747 singulari
721 2709 849 2734 errore
872 2703 1031 2745 propter
1055 2697 1194 2732 Graevii
1221 2698 1281 2743 (in
1308 2698 1492 2732 varietate
1518 2697 1660 2733 selecta

286 2765 346 2798 vel
373 2764 501 2810 potius
529 2768 670 2797 temere
694 2767 731 2795 et
755 2761 996 2806 negligenter
1032 2761 1227 2805 excerpta)
1266 2758 1461 2792 silentium
1488 2760 1657 2806 complu-

288 2836 349 2859 res
378 2824 494 2857 malas
520 2824 730 2870 scripturas
756 2822 853 2855 salso
881 2820 1019 2854 tribuit
1047 2818 1269 2853 Coloniensi
1285 2843 1295 2859 ,
1320 2823 1364 2852 ut
1390 2822 1412 2862 §
1438 2822 1484 2853 32
1509 2823 1658 2867 optime,

289 2888 310 2928 S
339 2888 383 2919 33
409 2886 563 2934 quodvis
589 2896 658 2932 pro
685 2885 782 2918 Nam
810 2883 980 2929 quodvis,
1004 2883 1125 2923 hosce,
1150 2879 1235 2916 alia.
