1821 3309
1415 211 1513 260 341

113 350 302 394 aliorum
346 352 564 402 omnium,
620 366 727 408 qnos
775 353 977 407 decipere
1020 351 1228 405 volebat,
1281 353 1583 410 interpolavit,

112 432 370 488 effecitque,
410 440 457 471 ut
498 445 711 487 nusquam
758 431 884 472 aliter
927 431 1114 486 epistola
1147 435 1310 488 scripta
1350 434 1581 474 exstaret!

111 509 336 566 Expediet
385 511 542 551 iterum
588 510 801 552 haerentes
847 512 1000 552 eadem
1048 514 1283 567 sagacitas.
1356 512 1581 554 Falsarius

111 590 228 630 enim
260 590 296 630 is
326 590 421 645 ipse
453 599 533 640 est,
565 591 639 646 qui
672 589 876 631 volumen
915 589 1023 631 illud
1059 591 1342 644 epistolarum
1375 600 1473 648 post
1505 590 1579 632 Ci-

110 669 283 709 ceronis
324 677 506 710 mortem
539 669 688 720 edidit,
728 667 792 710 M.
828 668 1006 710 Tullius
1036 669 1159 711 Tiro.
1227 670 1343 720 Quid
1379 671 1473 712 ais}
1503 670 1582 712 Li—

114 746 263 789 bertus
294 746 591 799 fidelissimus,
621 750 689 790 cui
722 747 875 789 Cicero
913 749 1124 804 epistolas
1156 764 1257 791 suas
1289 752 1583 800 commiserat,

114 829 188 883 qui
218 829 392 883 patroni
423 829 583 869 mortui
611 829 746 869 vitam
779 843 873 869 cum
905 828 1135 886 diligentia
1166 839 1209 870 et
1239 831 1403 885 pietate
1433 844 1582 871 narra-

113 908 193 959 vit,
234 909 279 948 in
311 922 438 963 quem
473 907 595 948 nulla
625 922 812 964 unquam
850 911 988 963 turpis
1019 911 1211 965 suspicio
1242 911 1357 951 iacta
1389 918 1471 957 est,
1502 909 1585 950 fal-

112 987 254 1028 sarius
288 987 403 1028 fuit}
448 987 540 1028 lmo
577 1003 697 1038 vero,
733 989 886 1044 inquit,
922 988 1034 1029 bono
1066 990 1212 1030 animo
1243 989 1362 1031 fecit.
1429 990 1584 1030 “Sum-

110 1080 288 1123 mopere
329 1081 354 1107 a
387 1080 435 1107 se
475 1066 734 1107 honoratum
768 1069 820 1108 iri
861 1069 1072 1122 optimum
1113 1078 1343 1122 patronum
1380 1070 1583 1124 opinatus

109 1154 192 1197 est,
233 1147 271 1186 si
312 1146 406 1186 eius
448 1160 518 1186 res
558 1156 683 1201 gesta
727 1155 813 1187 tam
857 1146 1045 1188 illustris
1086 1162 1172 1188 non
1217 1162 1304 1188 una
1350 1148 1584 1199 duntaxat,

106 1224 184 1266 sed
212 1233 417 1281 quattuor
445 1225 717 1266 orationibus
746 1225 1042 1268 celebraretur
1072 1228 1132 1282 (p.
1163 1227 1303 1280 179).”
1357 1226 1396 1268 Ο
1430 1229 1583 1268 miram

109 1303 306 1360 fingendi
350 1303 573 1346 licentiam
619 1315 661 1346 et
711 1307 754 1346 in
799 1305 1038 1347 dubitando
1081 1305 1411 1347 credulitatem!
1465 1307 1584 1362 Ergo

108 1382 217 1426 Tiro
249 1398 337 1425 non
380 1384 596 1424 narrando
637 1383 722 1425 sibi
756 1383 877 1426 illam
922 1400 1012 1427 rem
1049 1384 1351 1427 celebrandam
1390 1387 1581 1441 putavit,

109 1463 202 1516 sed,
242 1465 315 1520 qui
349 1478 570 1520 nunquam
603 1462 784 1505 verbum
819 1466 861 1506 in
892 1474 1110 1506 conventu
1145 1465 1368 1506 hominum
1404 1465 1585 1506 fecisset

106 1558 188 1585 nec
220 1543 538 1585 oratiunculam
570 1545 832 1600 scripsisset,
865 1546 1038 1600 patroni
1070 1546 1153 1595 sui,
1184 1546 1343 1585 summi
1378 1546 1582 1596 oratoris,

106 1623 282 1665 laudem
323 1625 415 1664 suis
450 1622 720 1664 orationibus
761 1625 854 1664 eius
898 1626 1061 1666 nomini
1094 1623 1379 1665 subiiciendis
1416 1639 1583 1680 augen—

109 1704 208 1746 dam
240 1704 531 1745 existimavit.
595 1703 793 1753 Quidni!
827 1703 964 1756 Idem,
1000 1706 1072 1760 qui
1107 1719 1220 1746 nunc
1255 1704 1416 1761 ubique
1452 1706 1583 1746 mise—

107 1797 180 1825 ras
224 1781 404 1824 Tironis
446 1784 634 1838 ineptias
677 1783 990 1838 deprehendit,
1044 1794 1188 1825 tamen
1237 1794 1365 1826 antea
1408 1793 1584 1840 propter

108 1862 188 1904 has
244 1877 416 1919 quoque
468 1864 690 1904 orationes
744 1861 1002 1905 Ciceronem
1049 1865 1289 1905 admiratus
1335 1873 1417 1906 est.
1493 1864 1583 1905 Sed

112 1943 226 1985 hanc
259 1941 548 1984 Tironianam
582 1940 776 1983 fabulam
819 1944 933 1996 (sine
968 1959 1051 1999 qua
1084 1954 1228 1984 tamen
1262 1958 1332 1984 res
1365 1958 1451 1984 non
1484 1957 1583 1998 pro-

108 2023 240 2076 cedit)
260 2020 484 2078 paulisper
502 2022 786 2073 dimittamus,
813 2023 1142 2079 videamusque,
1172 2023 1387 2079 quomodo
1408 2022 1581 2064 Ahren-

105 2103 197 2142 sius
244 2102 521 2152 testimonio,
581 2101 696 2157 quod
748 2102 860 2157 apud
913 2102 1169 2143 Ciceronem
1223 2103 1276 2143 de
1323 2101 1583 2144 Catilinaria

109 2189 266 2237 quarta
307 2181 491 2237 reperiri
535 2180 780 2232 videbatur,
829 2181 881 2222 ad
916 2180 1037 2223 illam
1073 2183 1211 2237 ipsam
1246 2183 1583 2239 oppugnandam

105 2274 213 2301 usus
243 2261 300 2302 sit
328 2266 390 2317 (p.
417 2262 474 2300 40
499 2266 630 2316 sqq.).
697 2259 809 2301 Nam
845 2262 958 2317 quod
987 2259 1142 2302 Cicero
1175 2262 1219 2301 in
1252 2271 1361 2304 orat„
1394 2261 1585 2318 Philipp2

107 2338 152 2381 ΙΙ
199 2349 400 2381 extrema
443 2341 484 2394 (ς
529 2341 628 2394 119)
671 2341 800 2381 dicit·
845 2340 1023 2382 Ablata:
1066 2353 1205 2380 annos
1240 2354 1383 2395 prope
1422 2345 1584 2396 vae‘ge‘nlt

110 2416 191 2458 hoc
222 2422 316 2473 ipso
358 2422 404 2459 in
437 2419 594 2473 templo
626 2423 791 2473 negavi
815 2432 942 2473 posse
977 2424 1152 2461 mortem
1183 2422 1457 2461 immaturam
1492 2435 1585 2462 esse

108 2498 357 2546 consulari,
398 2503 562 2552 quanto
594 2501 741 2538 verius
782 2511 897 2539 nuuc
939 2496 1108 2552 negabo
1155 2499 1284 2538 seni!
1331 2497 1584 2554 significare

67 2594 71 2598 ’
103 2584 282 2633 putatur
312 2577 495 2618 eandem
523 2578 787 2618 sententiam
823 2579 866 2618 in
899 2578 1098 2618 oratione
1131 2586 1285 2632 quarta
1317 2576 1579 2621 Catilinaria

105 2659 129 2709 ᾗ
162 2658 190 2698 3
220 2658 432 2713 positam3
476 2655 562 2698 Dio
597 2658 727 2699 etiam
762 2656 941 2699 Cassius
973 2657 1032 2712 (p.
1065 2658 1150 2697 449
1180 2657 1341 2712 Reim.)
1407 2656 1583 2700 Cicero-

107 2749 206 2776 nem
260 2737 475 2778 dicentem
533 2737 663 2788 sacit,
729 2751 775 2778 se
827 2736 910 2778 hoc
962 2735 1186 2778 consulem
1236 2737 1420 2778 dixisse.
1495 2738 1581 2780 Sed

110 2813 357 2857 Ahrensius
384 2818 571 2872 primum
603 2817 746 2868 docet,
775 2816 995 2859 Romanos
1023 2817 1065 2857 in
1092 2831 1307 2858 annorum
1338 2816 1583 2859 intervallis

113 2896 413 2950 computandis
467 2898 653 2953 primum
708 2906 749 2939 et
803 2907 1069 2953 postremum
1117 2911 1278 2939 annum
1319 2911 1397 2954 pro
1440 2895 1580 2952 plenis
