1821 3309
1442 212 1510 264 83

103 357 181 399 23:
199 360 371 397 interea
389 354 564 412 aliquid
577 355 793 396 acciderit
805 353 922 405 boni,
944 354 1060 410 quia,
1083 355 1157 410 qui
1171 352 1234 395 ibi
1255 352 1466 411 quuitur,
1488 367 1579 396 ma-

106 437 180 492 gisv
201 436 424 485 universe,
456 448 583 489 quam
603 447 722 488 spem
743 432 920 483 habeat,
938 431 1177 487 significat,
1195 447 1322 487 quam
1343 441 1510 474 certum
1531 431 1582 475 fi-

109 528 226 564 nem,
250 518 350 554 ante
371 526 497 568 quem
517 510 784 567 perficiatur,
810 511 1027 559 ostendit‚·
1061 510 1137 551 sed
1158 519 1303 551 tamen
1320 513 1511 566 spatium
1539 513 1583 553 id

107 592 248 635 futuri
293 592 502 647 temporis
545 591 900 646 comprehendit,
960 605 1038 646 per
1092 589 1205 646 quod
1248 591 1416 631 otiosus
1461 598 1583 646 pater

110 672 320 728 quiescet.
389 669 486 711 Hoc
530 671 659 711 modo
705 669 860 711 Cicero
904 670 955 710 ad
1004 669 1098 710 Att.
1142 667 1236 719 IX,
1297 669 1352 709 15
1404 667 1581 711 scribit:

116 749 253 800 Quecm
270 756 318 792 tec
338 749 434 791 hoec
459 750 595 805 leges,
626 764 706 805 ego
725 747 1055 799 z’llumfortasse
1081 761 1338 800 εοηυεηειυ,
1370 756 1412 789 et
1427 747 1584 790 Livius

110 829 216 881 XL,
252 832 332 872 111
362 828 467 871 Non
491 833 663 885 primns
695 843 875 885 regnum
894 827 1114 878 fraterna
1146 828 1259 869 coede
1281 832 1456 883 petiero
1489 826 1583 880 (Ich

112 910 258 953 werde
288 908 408 950 nicht
439 909 515 950 der
545 918 660 949 erste
692 923 813 963 soyn,
845 909 921 949 der
951 932 1006 939 -
1040 908 1225 964 gesucht
1245 907 1352 961 hat).
1387 907 1584 949 Eandem

112 989 298 1030 formam
331 987 495 1029 habent
527 987 710 1041 Virgilii
745 1000 898 1027 versus
930 988 972 1026 in
1002 985 1108 1029 AEm
1132 984 1283 1036 lib.lI‚
1313 987 1394 1026 581
1416 987 1581 1034 et5823

116 1082 214 1109 nam
250 1067 363 1123 quod
392 1066 506 1107 libro
522 1066 585 1107 lv
620 1067 753 1106 v.591
788 1065 972 1121 legitur:
1004 1065 1090 1105 Pro
1120 1066 1338 1118 Iuppiter,
1369 1063 1451 1105 ibit
1482 1063 1583 1115 Hic,

113 1151 193 1198 ait,
232 1152 277 1187 et
305 1149 467 1186 nostris
504 1145 695 1185 illuserit
729 1144 902 1185 advena
933 1145 1118 1199 regnis?
1150 1144 1292 1199 magis
1325 1142 1508 1185 inclinat
1541 1144 1585 1184 in

113 1240 227 1277 eam,
261 1225 313 1266 de
346 1240 430 1281 qua
464 1233 561 1280 post
597 1224 753 1275 dicam,
788 1232 972 1264 eventus
1005 1223 1141 1264 futuri
1174 1225 1360 1264 actionis
1392 1224 1586 1277 praeteri-

112 1314 166 1348 tae
196 1303 580 1362 significationem.
657 1304 753 1344 Hoc
785 1312 930 1344 autem
964 1311 1101 1343 totum
1135 1316 1305 1358 genus,
1344 1303 1447 1358 quia
1479 1302 1585 1342 emi-

113 1393 188 1427 net
229 1393 386 1441 praeter
427 1383 620 1424 futurum
654 1385 785 1424 etiam
821 1380 1030 1438 praetoriti
1062 1380 1359 1438 significatio,
1391 1378 1501 1421 nihil
1532 1379 1587 1421 nd

115 1462 296 1505 alteram
328 1463 514 1503 formam
547 1464 657 1516 (so),
710 1476 804 1517 quae
848 1462 1021 1517 proprie
1064 1460 1201 1501 futuri
1234 1459 1448 1516 simplicis
1478 1467 1586 1509 erat,

116 1543 319 1597 pertinet.
339 1542 369 1594 ¹)

228 1620 402 1663 Deinde
447 1628 617 1670 autem,
664 1633 795 1675 quum
836 1632 950 1674 saepe
985 1618 1079 1658 duae
1113 1619 1307 1658 actiones
1337 1617 1495 1659 futurae
1526 1619 1587 1658 sic

116 1701 263 1743 animo
285 1700 600 1754 concipiantur,
632 1705 677 1738 ut
709 1696 839 1737 simul
867 1696 1050 1737 ulterius
1079 1698 1287 1752 temporis
1319 1705 1586 1738 momentum

147 1902 176 1945 ¹)
202 1900 329 1936 Unum
366 1897 635 1944 attingendum
676 1903 758 1938 cst,
795 1908 856 1937 no,
892 1897 925 1930 si
963 1908 1032 1943 pro
1070 1902 1163 1931 noto
1203 1892 1375 1945 tritoque
1411 1897 1590 1935 omisero,

212 1966 347 2009 postca
373 1960 419 1994 ab
441 1959 631 2006 imperitis
657 1959 782 1993 alieno
811 1959 897 1992 loco
918 1958 1134 1992 obiiciatur.
1176 1958 1276 1994 Sunt
1297 1958 1397 1992 enim
1421 1957 1593 2004 quaedam

215 2022 468 2057 condiciones
507 2021 701 2054 actionum
739 2022 981 2060 suturarum,
1029 2032 1113 2066 quae
1149 2032 1228 2054 non
1265 2025 1355 2053 ante
1396 2030 1481 2060 cas,
1526 2018 1592 2052 scd

215 2084 330 2119 simul
346 2096 433 2118 cum
447 2083 494 2116 iis
509 2082 642 2117 adesso
660 2096 801 2131 easque
825 2096 946 2130 usquo
967 2083 1013 2116 ad
1037 2082 1151 2116 finem
1168 2081 1345 2116 comitari
1369 2080 1524 2122 debent,
1551 2085 1595 2114 ut

216 2145 427 2187 facultatis,
463 2145 681 2191 potcstatis
719 2145 942 2179 voluntatis.
992 2144 1044 2178 Et
1084 2149 1211 2178 tamen
1248 2143 1413 2178 facultas
1439 2142 1506 2176 illa
1531 2153 1594 2176 vo-

216 2208 392 2243 luntasve
414 2207 487 2241 hoc
518 2208 616 2254 ipso,
655 2207 757 2254 quod
784 2207 1053 2241 condicionem
1083 2206 1271 2247 continet,
1299 2199 1516 2253 praecedere
1544 2203 1595 2237 al-

216 2275 343 2305 terum
379 2269 557 2310 videtur,
596 2270 757 2304 confusa
796 2268 910 2303 ctiam
950 2268 1110 2302 notione
1150 2267 1356 2314 potcstatis
1394 2265 1595 2309 manentis,

217 2343 302 2380 quae
339 2330 547 2365 comitatur
584 2332 789 2373 actionem,
827 2336 865 2364 ct
905 2331 1111 2377 potcstatis
1152 2330 1249 2364 ‹latae
1287 2329 1488 2376 saetaeque,
1514 2337 1597 2374 quae

218 2392 325 2439 prior
363 2396 431 2428 cst.
480 2393 581 2426 llinc
626 2394 683 2434 fit,
723 2399 765 2428 ut
802 2393 951 2434 Latini,
988 2392 1055 2440 qui
1091 2391 1252 2426 alterius
1288 2391 1454 2426 aetionis
1489 2389 1595 2436 prius

222 2458 374 2499 tempus
402 2452 510 2486 vei-hi
539 2453 661 2487 forma
688 2460 838 2496 notant,
862 2454 925 2488 hie
950 2464 1104 2501 quoque
1130 2464 1172 2486 ca
1198 2452 1320 2486 forma
1349 2452 1406 2485 uti
1432 2450 1597 2497 possint,

221 2514 333 2549 cuius
360 2514 512 2560 generis
536 2516 782 2549 notissimum
809 2521 867 2549 cst
893 2517 928 2548 si
948 2521 1092 2560 νοτε-νο,
1117 2512 1185 2546 scd
1210 2512 1351 2546 similia
1377 2512 1413 2546 si
1433 2511 1598 2550 voluero,

221 2577 258 2611 εἰ
282 2577 447 2617 licuerit,
476 2578 511 2610 si
529 2578 736 2622 placuerit,
762 2578 797 2610 si
824 2577 938 2610 otium
964 2577 1144 2615 habuero,
1171 2586 1255 2621 quae
1281 2579 1320 2608 et
1345 2573 1410 2608 alii
1437 2573 1585 2619 college

221 2642 314 2673 runt
337 2642 373 2671 ct
395 2639 441 2674 A.
464 2638 687 2673 Matthiaeus
723 2640 762 2673 in
790 2637 1053 2685 disputatione
1081 2637 1128 2671 de
1154 2649 1228 2671 usu
1261 2635 1386 2671 futuri
1412 2635 1536 2670 exacti
1560 2634 1601 2668 in

224 2697 405 2734 Sccbodii
449 2700 639 2735 tabulario
674 2701 810 2748 philol.
837 2700 898 2741 ΙΙ,
928 2703 943 2733 1
985 2712 1021 2747 p.
1058 2702 1113 2733 20.
1154 2699 1233 2733 lam
1261 2702 1383 2746 patet,
1413 2709 1530 2746 quum
1554 2707 1601 2730 nc

225 2771 312 2795 vere
338 2763 593 2808 praecedentis
621 2764 776 2812 quidem
803 2761 967 2796 actionis
996 2766 1146 2809 tempus
1173 2759 1362 2807 singulari
1388 2758 1455 2795 illa
1481 2757 1600 2792 foi-ma

226 2824 561 2871 semper-signetur
577 2826 667 2870 (cfr.
697 2840 731 2874 p.
748 2830 792 2859 80
804 2826 919 2869 not.)‚
951 2823 1072 2858 multo
1099 2823 1226 2857 minus
1259 2822 1302 2857 in
1327 2821 1398 2856 hac
1424 2818 1587 2856 similitu

227 2883 318 2919 dine
345 2896 494 2934 semper
533 2887 574 2922 id
598 2888 698 2930 fieri,
729 2900 979 2937 magnamque
1009 2885 1232 2924 necessario
1257 2885 1301 2919 in
1324 2883 1398 2919 hac
1422 2892 1464 2917 re
1488 2880 1603 2915 libcr-

1294 2961 1335 2991 5.
