1821 3309
1369 138 1467 186 233

91 279 163 333 qui
198 277 318 319 iiiam
349 279 671 320 adnotationem
717 281 1032 334 comparaverit
1073 295 1167 321 cum
1210 281 1401 336 Scioppii
1444 280 1535 321 Au-

89 358 224 398 etan-io
259 356 476 413 Mariang.
513 359 590 411 Ep.
624 357 701 409 VI,
735 358 883 399 Vossii
925 359 977 398 de.
1009 367 1099 398 arte
1145 369 1396 414 grauunatc.
1439 358 1537 399 libri

91 435 176 476 Vll
219 450 253 475 c.
291 438 346 475 20
383 444 424 475 et
468 438 537 486 62,
584 436 745 476 Vorstii
789 435 865 477 lib.
903 437 954 476 de
988 437 1223 477 Latinitate
1263 439 1375 479 falso
1422 452 1538 492 susp.

91 529 127 554 c.
156 515 226 564 24,
254 514 471 554 Perizonii
503 515 686 568 denique
730 523 831 554 nota
861 515 910 554 ad
946 516 1106 555 Sanctii
1143 515 1331 557 Minerv.
1361 516 1437 556 lib.
1472 515 1534 555 III

90 607 125 632 c.
158 594 211 632 14
242 592 267 646 ξ
306 592 358 632 de
403 593 706 632 coniunctione
740 593 865 648 qnod.
891 596 925 643 1)
991 593 1143 649 Itaque
1177 594 1257 635 hoc
1289 603 1353 634 est
1383 597 1426 634 in
1462 594 1540 635 hac

92 686 137 712 re
165 670 388 722 molestiae,
420 671 546 726 quod,
581 686 708 726 quum
744 687 899 726 magna
928 687 1024 727 pars
1057 683 1410 728 argumentorum
1443 672 1541 713 iilo-

92 764 185 790 rum
232 751 663 806 testimoniorumque
708 750 852 790 refelli
904 760 1050 792 nostra
1092 761 1218 793 vetate
1259 767 1343 793 non
1386 751 1542 792 debeat

93 831 156 881 (ut
195 831 460 884 comparatio
501 829 579 870 illa
622 829 881 877 verborum,
938 832 979 870 in
1028 830 1184 886 quibus
1229 840 1271 871 et
1316 831 1538 871 materiam

92 909 275 949 affectus
305 910 519 949 sententia
547 907 717 950 infinita
744 918 785 950 et
816 923 990 949 causam
1022 909 1234 964 particula
1264 911 1379 964 quod
1407 910 1542 964 signi-

93 985 224 1027 ficare
249 986 384 1040 licet),
414 996 557 1042 tamen
586 989 769 1037 nescias,
803 988 903 1042 quid
930 997 1021 1027 tuto
1045 989 1184 1027 omitti
1212 990 1361 1043 possit.
1429 987 1542 1027 Prae·

93 1064 241 1115 stabit,
271 1067 440 1119 opinor,
471 1068 512 1106 in
547 1075 709 1120 partem
744 1068 946 1106 tutiorem
983 1081 1176 1121 peccare.
1235 1066 1427 1107 Primum
1463 1067 1545 1121 igi-

92 1153 174 1193 tur,
205 1144 335 1184 etiam
367 1159 392 1184 a
424 1144 643 1199 Zumptio,
673 1143 827 1185 Cicero
858 1146 1013 1185 citatur
1046 1147 1186 1192 testis,
1221 1148 1293 1200 qui
1325 1146 1377 1186 de
1410 1143 1537 1186 Offlc.

120 1337 146 1378 ¹)
183 1335 300 1369 Recte
325 1333 401 1368 dici
428 1336 526 1373 scio,
552 1336 660 1380 qnod,
689 1336 785 1375 dico,
813 1337 914 1382 qnod
938 1335 1176 1377 Perizonius,
1204 1335 1270 1382 qui
1297 1334 1536 1380 superiorum

187 1396 315 1442 copias
344 1396 384 1430 in
409 1407 526 1429 unum
549 1396 685 1441 coegit,
709 1409 753 1430 ex
782 1409 825 1431 eo
852 1398 988 1437 efficit,
1016 1397 1116 1444 quod
1142 1397 1286 1430 (licitur
1311 1410 1456 1444 queror,
1484 1397 1543 1430 lte-

187 1464 260 1497 tor,
284 1459 396 1505 quod,
420 1463 569 1503 gratum
596 1465 650 1493 est
677 1461 775 1499 mihi,
802 1461 912 1506 quod,
940 1466 1090 1505 excepto
1117 1461 1227 1509 quod,
1272 1461 1390 1492 nmlta
1419 1460 1458 1492 ιἰι
1484 1471 1543 1492 nor

188 1525 264 1553 stro
291 1521 446 1566 collegio
470 1522 682 1565 prcecluvn,
720 1523 787 1555 sed
811 1524 876 1555 lmc
902 1523 1102 1567 inprimis,
1128 1523 1237 1569 quod.
1294 1521 1391 1554 Tum
1416 1521 1457 1554 in
1484 1519 1545 1554 Ci-

187 1581 338 1615 ceronis
367 1581 451 1615 Lael.
478 1588 512 1622 2,
539 1586 581 1618 8:
610 1595 675 1627 ‘²51⁰
704 1583 744 1616 iel
768 1584 985 1628 respondeo,
1012 1584 1112 1632 qnod
1136 1584 1401 1623 aninmdverti,
1424 1589 1460 1617 te
1476 1582 1543 1616 estc.

187 1656 263 1677 non
289 1643 392 1678 videt
418 1645 520 1690 quod
543 1644 743 1677 relativum
770 1656 865 1685 esse,
890 1657 960 1678 nee
986 1645 1025 1678 in
1053 1644 1227 1678 Suetonii
1258 1647 1355 1690 Aug,
1373 1647 1416 1678 43
1444 1647 1545 1687 (tan—

185 1713 262 1741 tum
282 1712 324 1740 ut
348 1706 583 1745 ostenderet,
619 1708 717 1753 quod
751 1713 830 1741 erat
867 1708 1036 1752 bipedali
1058 1708 1190 1750 minor)
1227 1708 1326 1753 quod
1359 1706 1544 1740 causalem

187 1767 507 1814 significationem
532 1766 683 1801 hahere.
746 1769 912 1803 Omnino
940 1781 1126 1815 nusquam
1153 1770 1277 1803 minus
1303 1768 1545 1802 Perizonium

185 1842 366 1877 agnoscas
403 1841 513 1876 quam
550 1829 590 1862 in
626 1829 694 1862 illo
730 1842 868 1877 opere,
916 1830 1105 1864 communi
1142 1831 1250 1864 illius
1290 1830 1410 1864 :etatis
1441 1830 1547 1870 vitio,

185 1890 312 1939 quod,
356 1891 528 1936 neglectu
567 1891 751 1924 sermonis
787 1892 826 1925 in
869 1904 933 1926 ore
958 1892 1154 1925 hominum
1182 1892 1346 1926 viventis
1382 1897 1546 1926 contem-

186 1953 368 1999 platione,
393 1952 484 1986 adeo
511 1964 745 1987 communem
773 1954 854 1987 eius
880 1958 1052 1987 naturam
1076 1953 1315 1999 ignorabant,
1350 1958 1404 1994 ut,
1431 1954 1462 1987 si
1493 1954 1545 1987 ul-

188 2020 244 2049 tra
270 2014 528 2060 exemplorum
555 2014 821 2049 collectionem
847 2017 1026 2062 progredi
1056 2017 1210 2056 vellent,
1237 2016 1362 2050 onmia
1388 2015 1545 2049 consun-

185 2066 336 2115 derent.
398 2076 486 2111 Alia
522 2078 670 2111 ratione
705 2081 742 2110 et
774 2078 821 2111 ad
858 2078 1022 2124 speciem
1060 2078 1181 2112 multo
1219 2078 1422 2111 subtiliore
1448 2078 1545 2112 idem

186 2139 296 2173 multi
322 2150 424 2172 nunc
453 2138 613 2174 faciunt.
663 2139 843 2173 Ceterum
871 2140 936 2187 qui
960 2145 1097 2186 przeter
1122 2152 1200 2180 eos,
1229 2152 1324 2187 quos
1344 2140 1547 2175 nominavh

186 2202 233 2236 de
258 2201 328 2235 hae
359 2200 570 2248 quaesti0ne
599 2201 791 2243 dixerunt,
821 2208 1016 2237 enumerat
1043 2202 1332 2236 Ruddimannus
1360 2201 1546 2235 lnstitutt.

185 2264 218 2298 ΙΙ
255 2277 290 2310 p.
319 2267 362 2296 12
397 2268 476 2298 not.
516 2268 553 2298 ct
582 2263 919 2298 Drakenhorehius
958 2265 1004 2298 ad
1032 2265 1112 2300 Liv.
1141 2265 1216 2305 ΙΙΙ,
1244 2268 1311 2304 52,
1336 2268 1368 2297 2.
1398 2263 1489 2307 [Sed
1515 2264 1545 2297 si

189 2326 293 2371 ipsos
323 2325 444 2360 libros
472 2326 704 2371 inspexeris,
736 2326 834 2359 nihil
861 2327 1050 2372 reperias,
1082 2327 1156 2360 nisi
1185 2326 1424 2372 superiorum
1450 2325 1545 2357 eius-

186 2387 270 2421 dem
305 2387 503 2421 senteutiae
544 2387 790 2421 defensorum
826 2388 978 2420 nomina
1017 2391 1080 2430 (ne
1117 2387 1217 2432 apud
1242 2387 1437 2420 Dukerum
1466 2387 1545 2432 qui>

185 2452 266 2483 dem
299 2448 344 2481 ad
370 2448 473 2486 Flor.
502 2449 531 2489 Ι,
556 2451 623 2494 23)
659 2460 823 2482 unumve
850 2453 887 2482 et
915 2449 1074 2482 alterum
1104 2460 1259 2494 pravum
1287 2448 1546 2482 testimonium

186 2510 274 2544 inde
309 2510 513 2557 repetitum
551 2513 610 2554 (ut
635 2510 734 2556 apud
760 2510 979 2544 Noitenium
1007 2511 1046 2544 in
1072 2510 1204 2556 partic.
1231 2513 1360 2558 qnod).
1419 2511 1548 2557 Nuper

187 2573 224 2606 in
254 2572 417 2619 Reisig-ii
455 2572 599 2607 scholis
637 2573 683 2606 de
719 2586 870 2618 graium.
900 2573 1030 2606 Latina
1071 2576 1109 2615 (ἓ
1132 2576 1218 2617 331)
1257 2572 1375 2606 veteri
1413 2585 1546 2606 acervo

184 2647 321 2669 novum
351 2636 514 2669 accessit
542 2636 765 2681 exemplum,
790 2635 898 2669 locus
927 2635 1126 2669 Ciceronis
1157 2635 1195 2668 in
1222 2634 1321 2669 libro
1344 2634 1376 2667 V
1402 2635 1448 2668 de.
1463 2635 1545 2668 Fin.

186 2699 252 2737 11,
290 2701 356 2738 30,
397 2710 416 2731 a
448 2698 661 2732 Goerenzio
685 2697 907 2731 foedissime
936 2698 1212 2744 interpolatus,
1251 2697 1315 2731 ubi
1347 2697 1546 2731 verborum

185 2765 306 2802 potest
343 2760 444 2806 quod
480 2760 626 2794 nullum
662 2760 859 2795 minimum
897 2765 953 2796 est
998 2760 1037 2794 in
1083 2759 1280 2794 codicibus
1337 2760 1544 2805 vestigium.

189 2820 291 2854 Adeo
317 2821 508 2858 incuriose
535 2834 593 2857 res
620 2822 773 2868 agitur]
