1821 3309
1392 177 1496 229 365

214 322 316 367 Lib.
342 321 576 375 XXXIII,
603 324 675 363 47.
724 320 885 363 Narrat
904 319 1077 372 Livius,
1103 319 1415 372 Hannibalem,
1437 336 1569 379 quum

99 417 303 459 magnam
341 410 508 459 partem
548 399 833 457 vectigalium
877 414 902 442 a
932 399 1186 456 reipublicae
1223 415 1304 441 usu
1337 401 1391 442 ad
1423 402 1569 457 priva-

99 492 243 524 torum
275 481 502 523 commoda
533 481 672 522 averti
705 480 889 531 videret,
918 479 1167 535 peculatum
1194 480 1427 523 sustulisse
1459 481 1571 522 resi·

101 562 296 617 duasque
353 561 563 616 pecunias
618 574 644 600 a
696 557 920 600 nobilibus
963 557 1120 599 acerbe
1163 561 1387 614 exegisse.
1453 559 1571 602 Tum

99 641 245 682 addit:
310 639 414 680 Tum
455 653 558 681 vero
601 642 692 690 isli,
735 651 839 694 qnos
871 644 1066 692 parerat
1096 651 1181 692 per
1227 639 1397 694 aliquot
1435 653 1573 680 annos

98 719 307 775 publicus
334 719 584 774 pecululus,
628 718 747 759 velut
786 716 908 758 bonis
950 721 1126 771 ereptis,
1158 731 1242 758 non
1259 716 1393 767 farlo
1426 732 1570 759 eorum

100 798 302 840 manibus
346 804 537 848 extorto,
577 795 750 848 <infensi
788 802 831 838 el
862 799 973 837 irati
1008 796 1228 837 Romanos
1257 801 1303 839 in
1339 797 1572 838 Hanniba-

101 880 199 930 lem,
245 884 290 919 et
332 881 448 932 ipsos
489 891 663 918 causam
708 877 802 917 odet
845 882 1103 932 quoereuIeS,
1148 877 1435 933 z'nsltgabaut.
1499 876 1572 918 Ad

102 957 194 998 haec
229 955 365 998 verba
390 955 498 997 nihil
530 956 730 998 adnotari
761 972 785 998 a
812 957 1124 997 recentissimis
1149 956 1408 1007 editoribus,
1438 957 1571 999 valde

103 1038 253 1090 miror.
332 1034 444 1077 Nam
491 1044 534 1076 et
576 1051 652 1091 per
700 1051 747 1078 se
790 1034 1078 1091 improbanda
1120 1036 1314 1091 quaedam
1357 1036 1426 1077 hic
1472 1044 1575 1077 sunt

103 1125 146 1158 et
179 1115 390 1156 libroruin
435 1115 637 1165 duorum,
678 1129 787 1170 quos
821 1114 889 1156 hic
920 1113 1039 1156 solos
1074 1115 1313 1168 habemus,
1355 1117 1574 1171 scriptura

103 1195 321 1254 ostendit,
374 1208 459 1235 non
512 1204 629 1236 recte
672 1194 764 1236 baec
808 1195 891 1236 edi.
967 1195 1214 1237 Pronomen
1258 1210 1402 1237 eorum
1441 1210 1574 1251 quum

103 1273 285 1330 languet
311 1273 558 1325 admodum,
588 1283 694 1324 trini,
726 1275 762 1314 si
792 1288 1028 1329 pronomen
1060 1275 1219 1316 addere
1258 1275 1388 1316 Livio
1428 1274 1577 1331 placu-

104 1355 227 1405 isset,
260 1353 506 1410 ponendum
540 1362 656 1394 certe
686 1362 779 1394 erat
809 1367 900 1393 sno.
968 1353 1052 1395 Sed
1085 1363 1129 1394 et
1153 1354 1286 1396 editio
1310 1353 1576 1411 Mogontina

105 1443 149 1475 et
188 1433 330 1474 codex
372 1431 713 1487 Bambergensis
758 1431 940 1474 habent:
984 1433 1330 1484 710n,furlorum
1377 1434 1576 1476 manibus

106 1517 319 1561 exlorlae'85
348 1511 538 1569 vulgata:
565 1513 789 1568 scriptura:
818 1510 1063 1552 Frobenius
1095 1523 1245 1555 auctor
1279 1523 1359 1555 est.
1424 1513 1575 1556 Facile

105 1602 251 1634 autem
292 1592 344 1632 ad
388 1591 467 1633 illa
510 1592 705 1633 codicum
751 1593 938 1647 vestigia
987 1593 1230 1634 attendenti
1285 1593 1576 1649 persuadebo,

107 1671 383 1714 scribendum
417 1687 514 1713 esse
545 1686 667 1728 poene
701 1669 822 1711 nulla
858 1673 1098 1713 'inritatione
1134 1673 1270 1714 facta:
1302 1674 1420 1714 velut
1454 1672 1578 1714 bonis

105 1756 280 1807 ereptis,
324 1765 409 1794 uon
435 1751 728 1800 furtorum
759 1750 1046 1792 manubiis
1080 1756 1283 1793 extortis.
1342 1753 1578 1794 Furtorum

105 1830 322 1873 mauubc'oe
364 1832 567 1873 dicuntur
605 1840 653 1872 ut
696 1829 803 1871 alibi
845 1830 1017 1886 praeda3
1061 1834 1169 1873 satis
1211 1834 1293 1873 erit
1328 1833 1470 1888 ipsum
1502 1831 1579 1873 Li-

108 1913 228 1952 vium
258 1919 482 1952 auctorem
515 1909 736 1961 laudasse,
767 1911 840 1966 qui
870 1909 1056 1961 XXIX,
1085 1912 1114 1951 8
1143 1913 1343 1966 scripsit:
1378 1915 1455 1966 qui
1484 1925 1578 1952 cum

107 2004 265 2046 magno
293 1990 475 2045 piaculo
509 1990 742 2043 sacrilegii
769 1993 840 2030 sui
868 1989 1098 2030 manubias
1128 1991 1315 2031 rettulit.
1373 1989 1473 2032 Non
1505 1990 1581 2032 ad-

104 2070 196 2110 dito
240 2071 439 2126 genitivo
487 2069 530 2110 id
582 2068 843 2110 vocabulum
895 2068 1047 2110 eodem
1094 2069 1346 2125 significatu
1389 2071 1581 2126 positum

105 2148 270 2204 legitur
297 2149 409 2205 apud
444 2147 701 2189 Ciceronem
732 2150 775 2189 in
803 2147 931 2189 Verr.
959 2147 994 2199 I,
1020 2149 1090 2199 59,
1119 2150 1222 2191 154:
1248 2153 1326 2205 qui
1354 2148 1582 2190 manubias

106 2228 193 2270 siba·
220 2234 369 2269 tantas
403 2242 458 2268 ex
492 2227 548 2268 L,
580 2228 759 2271 ΔΜείεΙΙί
785 2226 1002 2268 manubiis
1019 2227 1209 2279 secet-il,
1242 2239 1284 2269 et
1315 2227 1448 2284 paulo
1484 2237 1582 2284 post

103 2311 174 2358 60,
206 2309 313 2349 157:
343 2307 486 2362 spolia
523 2307 694 2348 domum
739 2321 860 2348 suam
895 2305 1067 2356 referre
1099 2312 1141 2347 et
1173 2306 1401 2348 manubias
1433 2307 1581 2348 detra-

105 2387 221 2428 lcere.
287 2387 401 2428 Add.
434 2400 511 2443 pro
553 2388 683 2428 Sext.
715 2385 846 2426 Rosc.
882 2384 983 2426 Am.
1012 2387 1080 2436 37,
1116 2388 1214 2427 103.
1278 2385 1327 2427 ln
1357 2385 1581 2428 codicibus

106 2467 424 2524 antiquissimis
456 2480 574 2521 saepe
606 2463 825 2516 mambioe,
856 2463 1062 2505 manc'bc'ls
1090 2462 1269 2522 legitur.
1292 2465 1325 2520 ¹)

200 2630 356 2677 attigit3
384 2642 475 2665 vcro
510 2631 765 2679 propinquam
790 2631 890 2665 viam
925 2641 1026 2664 unus
1056 2628 1204 2664 institit
1227 2629 1257 2666 1.
1283 2629 1492 2671 Bckkcrus,
1518 2630 1581 2665 cui

199 2691 350 2726 utinam
384 2692 645 2741 Kreyssigius‚
686 2693 770 2741 ipse
812 2692 956 2740 optime
990 2692 1037 2726 de
1080 2692 1190 2727 Livio
1227 2693 1402 2733 meritus,
1437 2693 1477 2726 in
1511 2692 1580 2726 illo

202 2755 400 2789 volumine
441 2755 570 2790 minus
608 2756 875 2792 obtrectassct.
936 2755 1096 2790 Remota
1137 2754 1237 2790 enim
1281 2754 1581 2801 interpolatione

202 2815 378 2851 lacunam
404 2817 607 2859 indicavit,
632 2830 703 2854 nec
730 2822 855 2852 tamen
881 2822 987 2853 recto
1014 2817 1129 2862 loco.]

140 2878 171 2923 ¹)
209 2877 500 2926 [lireyssigiuu,
537 2880 654 2916 huius
690 2879 969 2919 emendationis
1004 2879 1185 2927 ignarus,
1236 2878 1573 2928 interpolationem

204 2939 330 2976 tenuit
359 2945 397 2976 et
423 2941 627 2990 probavit]
