1821 3309
257 205 357 255 350

188 350 268 398 30,
315 347 395 396 31,
449 345 505 385 32
551 341 826 384 obliviscitur
881 355 960 382 nec
1004 340 1339 391 animadvertit,
1391 355 1477 382 non
1521 342 1648 384 modo

188 422 614 468 senatusconsultum
647 430 746 462 ante
772 429 1034 461 conventum
1065 419 1188 460 illum
1220 419 1541 472 retrahendum,
1571 422 1650 464 sed

189 505 304 547 hunc
346 506 475 545 etiam
523 503 575 544 ad
607 500 810 543 Catilinae
850 501 895 541 in
930 510 1129 542 senatum
1169 502 1415 556 ingressum
1450 509 1493 541 et
1524 499 1650 542 Cice-

188 587 307 626 ronis
359 585 601 625 orationem
658 580 977 622 admovendum
1034 580 1186 621 fuisse.
1260 579 1359 621 Nisi
1400 580 1513 621 forte
1560 580 1653 622 haec

188 679 361 721 quoque
403 665 549 704 omnia
590 662 659 703 illi
691 659 910 701 vocabulo
942 664 1112 700 interea
1146 659 1351 711 adnectit,
1385 668 1433 700 ut
1461 661 1506 701 in
1540 674 1650 701 voce

181 751 399 799 postremo
430 746 493 795 (in
526 758 560 784 c.
589 742 659 795 31)
691 741 920 782 redeamus
949 739 1001 781 ad
1027 755 1061 781 c.
1092 742 1148 782 28
1174 742 1379 782 medium.
1437 741 1650 798 Apparet,

188 827 300 866 inter
342 823 598 866 Sallustium
640 831 683 862 et
714 821 956 861 orationem
997 821 1179 876 primam
1215 819 1440 862 Ciceronis
1472 832 1651 878 propter

189 905 388 947 Sallustii
413 917 601 945 errorem
630 910 794 942 tantam
821 914 934 951 esse,
963 908 1123 955 quanta
1152 901 1346 942 maxima
1373 915 1470 942 esse
1494 910 1669 960 potest,

187 985 520 1027 dissensionem.
578 982 633 1022 Et
664 981 746 1022 hoc
777 979 976 1021 homines
1009 994 1093 1020 non
1126 991 1295 1030 movet3
1326 991 1523 1038 quartam
1553 995 1654 1036 pro-

186 1076 283 1123 pter
317 1064 519 1107 Sallustii
548 1060 769 1102 silentium
806 1060 1025 1100 damnant.

301 1145 529 1193 Alterum,
581 1140 693 1196 quod
747 1139 891 1180 dicere
931 1140 1232 1190 institueram,
1284 1138 1366 1181 hoc
1420 1149 1501 1182 est.
1578 1141 1653 1184 Sic

189 1227 334 1268 omnia
369 1222 422 1265 ab
461 1222 696 1270 Abi-enisio,
740 1218 925 1268 Orellio,
967 1217 1067 1258 aliis
1109 1219 1153 1259 in
1196 1218 1278 1259 hoc
1307 1234 1470 1275 genere
1504 1221 1653 1277 dispu-

188 1315 348 1353 tantur,
381 1303 503 1358 qnasi
537 1301 601 1341 hoe
633 1298 858 1340 Ciceronis
890 1299 1108 1338 orationes
1136 1298 1289 1338 iisdem
1320 1298 1521 1340 omnibus
1553 1315 1651 1341 ver-

188 1384 255 1425 bis
306 1384 429 1423 dictae
477 1382 585 1427 sint3
633 1380 780 1433 itaque
823 1377 860 1416 si
901 1376 1001 1431 quid
1059 1385 1149 1416 tum
1195 1379 1375 1418 minima
1424 1392 1483 1418 ex
1526 1388 1652 1434 parte

187 1460 477 1520 improbabile
522 1459 710 1509 videtur,
751 1471 776 1497 a
820 1454 1032 1497 Cicerone
1077 1455 1209 1497 scribi
1242 1458 1437 1512 potuisse
1472 1467 1651 1514 negant.

186 1544 353 1587 Verum
390 1540 544 1581 Cicero
589 1551 739 1579 omnes
781 1535 859 1577 has
894 1537 1115 1576 orationes
1157 1535 1438 1578 Catilinarias
1471 1550 1652 1593 prorsus

187 1639 246 1665 ex
281 1632 476 1677 tempore
511 1618 687 1673 habuit3
731 1632 780 1658 ac
824 1630 878 1657 ne
911 1614 1043 1671 paulo
1093 1617 1267 1672 quidem
1310 1625 1408 1673 post
1448 1630 1523 1658 eas
1553 1631 1652 1672 per-

187 1703 362 1759 scripsit
411 1700 521 1741 deve
562 1700 616 1739 iis
661 1697 840 1738 edendis
883 1697 1107 1752 cogitavit.
1176 1695 1340 1738 Tribus
1383 1698 1509 1738 annis
1552 1705 1652 1753 post

187 1790 244 1835 (a.
284 1786 340 1823 (30
391 1796 430 1822 a.
481 1778 578 1832 Ch.)
624 1792 698 1819 eas
738 1777 887 1818 Attico
929 1786 1129 1817 recentes
1181 1778 1301 1817 misit
1342 1777 1412 1830 (ad
1453 1777 1547 1819 Att.
1591 1776 1650 1828 ΙΙ,

185 1868 227 1915 1,
257 1864 317 1917 3).
381 1861 472 1902 Iam
506 1860 601 1915 quis
632 1856 818 1906 dubitat,
863 1858 982 1912 quin,
1015 1857 1097 1896 etsi
1129 1870 1197 1907 ea,
1227 1870 1320 1912 quae
1350 1857 1413 1897 sic
1443 1855 1649 1897 notabili-

186 1954 252 1985 ter
283 1943 486 1992 dixisset,
527 1947 574 1979 ut
613 1946 656 1978 et
697 1938 742 1978 in
780 1938 919 1993 ipsius
959 1945 1005 1977 et
1044 1934 1230 1977 aliorum
1265 1937 1477 1977 memoria
1505 1934 1651 1977 infixa

187 2031 362 2071 essent,
415 2022 625 2061 retineret
665 2026 707 2058 et
748 2025 1027 2073 sequeretur,
1080 2024 1227 2056 tamen
1270 2030 1351 2066 ea,
1413 2029 1509 2072 quoe
1551 2014 1651 2058 bre·

185 2103 284 2143 vius
326 2098 463 2140 multo
499 2099 703 2147 dixisset,
743 2097 928 2147 auxerit,
972 2093 1322 2151 amplificaverit,
1361 2105 1560 2136 ornatum
1595 2096 1651 2136 iis

185 2179 548 2234 splendoremque
590 2174 833 2216 addiderit!
876 2174 1021 2229 Atque
1053 2174 1097 2214 in
1134 2173 1214 2214 hac
1254 2187 1387 2228 opera
1431 2171 1528 2214 fieri
1562 2187 1649 2215 non

186 2266 372 2317 poterat,
416 2257 519 2312 quin
559 2269 646 2295 uno
688 2262 731 2294 et
770 2253 909 2294 altero
945 2252 1042 2294 loco
1083 2250 1253 2293 colores
1298 2251 1471 2307 quidam
1514 2253 1651 2294 inter-

187 2345 434 2387 currerent,
484 2336 557 2390 qui
596 2334 782 2375 fortasse
824 2333 964 2388 magis
1004 2331 1058 2372 ad
1101 2346 1198 2372 eum
1235 2346 1383 2372 rerum
1426 2332 1647 2388 animique

187 2419 324 2475 ipsius
362 2415 559 2457 habitum
595 2417 685 2469 apti
716 2421 877 2464 essent,
920 2413 993 2468 qui
1022 2420 1113 2452 tum
1147 2419 1283 2462 esset,
1309 2426 1436 2467 quam
1466 2412 1519 2454 ad
1551 2404 1648 2454 ora-v

186 2499 320 2539 tionis
360 2509 463 2537 vere
507 2493 667 2535 habitae
708 2502 905 2548 tempus;
942 2491 1159 2533 interdum
1206 2492 1380 2547 quidem
1427 2493 1558 2534 etiam
1593 2492 1647 2534 de

186 2577 401 2619 industria
430 2574 692 2630 praemunire
724 2573 848 2628 quasi
879 2572 1178 2613 defensionem
1215 2570 1405 2628 aliquam
1436 2572 1648 2613 adversus

187 2670 257 2705 ea,
289 2668 382 2710 quae
413 2667 526 2694 nunc
557 2651 610 2693 ab
644 2652 908 2693 adversariis
941 2650 1248 2703 obiicerentur,
1279 2650 1475 2692 voluisse
1506 2649 1648 2690 videri

186 2742 347 2791 potest.
410 2730 721 2774 sentiebantur
755 2731 871 2772 enim
900 2731 988 2772 iam
1020 2732 1144 2787 quasi
1177 2730 1351 2787 quidam
1379 2727 1509 2770 flatus
1536 2742 1647 2785 prae-

188 2813 331 2856 nuntii
378 2811 473 2853 eius
525 2809 760 2867 procellae,
816 2824 910 2867 quae
954 2809 1086 2866 paulo
1139 2818 1237 2866 post
1288 2807 1522 2850 subsecuta
1563 2816 1646 2849 est.

189 2892 343 2949 Itaque
392 2904 506 2933 nunc
549 2888 840 2946 intelligitur,
888 2890 1002 2933 unde
1042 2888 1122 2931 illa
1161 2889 1218 2930 sit
1254 2901 1377 2944 paene
1422 2888 1557 2930 nimia
1597 2888 1642 2928 in
