1821 3309
1414 217 1480 268 81

75 357 189 415 quod
237 365 326 401 est:
380 356 435 400 St
477 355 558 400 hoc
604 364 827 412 evenerit,
850 359 1031 410 frustra
1061 357 1335 400 laboraveris
1368 359 1429 413 (id
1463 368 1549 402 est:

68 441 261 492 perierit
289 436 415 478 labor
443 442 529 479 ium
553 421 755 491 effectas)
791 452 973 494 usquam
1004 437 1398 493 legiturzfrustra
1431 438 1550 481 labo·

74 519 237 567 russie,
270 530 411 571 neque
441 515 596 556 horum
631 516 818 566 similia,
848 531 980 571 quum
1012 524 1157 556 tamen
1192 517 1418 572 utriusque
1450 531 1549 559 con-

74 594 312 636 iunctionis
346 595 477 635 etiam
510 595 622 650 apud
657 596 846 636 comicos
880 609 964 636 non
997 610 1096 636 rara
1128 593 1338 649 exempla
1368 596 1472 636 sint.

185 671 407 715 Absoluta
438 673 529 714 fere
561 683 676 724 sunt,
713 688 807 730 quae
839 675 891 715 de
925 676 1105 730 antiqua
1140 673 1222 714 hac
1254 673 1396 715 forma
1430 688 1549 717 seor·

75 765 172 793 sum
201 751 385 794 dicenda
411 762 550 794 erant.
614 753 803 809 Reliqua
838 755 970 804 enim,
1005 767 1098 809 quae
1130 753 1182 794 ad
1221 755 1550 796 coniunctivum

75 829 274 885 (faxim)
305 833 555 887 pertinent,
591 831 714 873 nulla
749 841 815 873 est
848 847 1006 883 causa,
1041 847 1116 873 cur
1147 831 1200 873 ab
1232 832 1317 880 iis,
1365 847 1461 888 quae
1495 834 1548 875 de

76 909 217 951 altera
248 910 389 952 forma
419 912 682 966 exponenda
714 920 862 962 erunt,
907 913 1218 966 seiungamus,
1265 912 1367 953 dum
1404 912 1467 953 ibi
1498 927 1551 954 ea

77 999 328 1040 teneamus,
376 1003 470 1045 qnae
512 1004 645 1044 supra
689 990 804 1030 dicta
836 999 937 1029 sunt
966 990 1018 1030 de
1059 989 1138 1030 hac
1166 989 1307 1030 forma
1342 992 1473 1031 etiam
1507 993 1550 1032 in

78 1070 358 1110 coniunctim
385 1083 409 1109 a
440 1070 663 1121 praeterito
697 1067 897 1108 exclusa.
963 1067 1114 1124 Itaque
1150 1068 1192 1108 id
1219 1076 1387 1109 tantum
1420 1069 1553 1111 adda·

78 1161 190 1197 mus,
221 1145 276 1188 ab
308 1148 453 1188 activa
485 1146 564 1188 hae
599 1148 738 1188 forma
766 1146 952 1187 deflexae
986 1148 1172 1203 passivae
1198 1147 1283 1188 duo
1304 1156 1422 1189 certa
1451 1163 1549 1190 esse

77 1224 301 1282 exempla,
335 1229 519 1266 iusse'lur
548 1227 662 1281 apud
695 1226 907 1267 Catonem
943 1227 1015 1277 (de
1043 1227 1093 1268 R.
1116 1226 1165 1268 R.
1201 1228 1271 1280 14)
1306 1235 1349 1267 et
1380 1226 1550 1268 turbas-

76 1308 188 1346 se'lur
227 1305 340 1361 apud
383 1303 641 1346 Ciceronem
684 1308 728 1347 in
773 1308 941 1361 antiqui
985 1305 1133 1361 legum
1172 1307 1367 1347 semonis
1409 1307 1552 1346 imita-

78 1385 197 1425 tione
232 1382 392 1440 (Legg.
426 1383 505 1435 Ill,
536 1387 579 1433 4,
614 1386 700 1438 11),
744 1394 976 1440 utrumque
1009 1400 1105 1426 cuni
1139 1385 1271 1425 futuri
1306 1386 1456 1425 exacti
1495 1386 1553 1426 si-

79 1460 364 1520 gnificatione
386 1464 590 1517 positum.
655 1463 761 1504 Ilaec
794 1466 969 1518 passiva
1006 1464 1145 1503 forma
1175 1472 1444 1518 quantopere
1476 1477 1554 1505 no-

77 1550 211 1583 stram
247 1541 586 1596 disputationem
610 1541 854 1590 confirmet,
887 1557 962 1582 eos
988 1551 1149 1593 autem,
1176 1543 1381 1597 quie'usso
1406 1548 1551 1584 ettur-

78 1620 204 1662 basso
232 1618 471 1662 artificiose
503 1620 591 1661 alio
629 1620 821 1671 trahunt,
857 1620 1046 1671 refellat,
1096 1635 1180 1661 non
1214 1635 1324 1675 opus
1355 1630 1419 1661 est
1454 1621 1550 1677 plu·

79 1699 200 1741 ribus
245 1700 426 1755 exponi.
514 1697 761 1754 [Nancilor
796 1715 997 1755 quoqne,
1051 1700 1164 1754 quod
1210 1700 1322 1755 apud
1374 1700 1551 1741 Festum

79 1784 234 1820 nactus
251 1776 406 1827 feeerit
437 1779 692 1832 exponitur,
720 1776 966 1818 Muellerus
988 1779 1128 1831 p.167
1159 1775 1445 1832 probabiliter
1475 1792 1551 1833 pro

80 1859 297 1898 nana-itur
331 1857 538 1911 scriptum
571 1865 693 1912 putat
730 1866 770 1897 et
809 1856 889 1898 hoc
922 1856 1074 1898 eodem
1109 1855 1235 1897 modo
1268 1856 1430 1897 dictum
1468 1870 1550 1913 quo

81 1934 300 1992 inuitum]

198 2013 312 2055 lllnd
349 2015 426 2054 vix
460 2016 878 2056 commemoratione
909 2015 1089 2071 dignum
1123 2023 1255 2065 esset,
1290 2029 1375 2056 uno
1408 2014 1552 2056 Plauti

83 2091 180 2134 loco
211 2093 256 2133 in
293 2107 421 2134 versu
458 2092 693 2134 subditicio
731 2094 820 2149 legi
855 2094 1056 2135 horribili
1090 2093 1388 2134 barbarismo:
1421 2107 1475 2133 ne
1510 2100 1554 2134 ul

82 2185 276 2222 amasso,
329 2172 411 2212 nisi
454 2172 494 2212 id
533 2181 738 2228 tanquam
772 2172 953 2229 probum
986 2174 1176 2214 editores
1213 2171 1347 2227 vulgo
1381 2180 1553 2226 praeter-

83 2251 320 2292 mitterent.
379 2250 534 2291 Editur
569 2253 683 2293 enim
719 2254 761 2293 in
800 2251 970 2293 Casinae
999 2266 1130 2293 scena
1163 2260 1364 2292 extrema
1384 2251 1441 2290 22
1459 2264 1553 2306 sqq.

196 2329 243 2372 Si
286 2344 475 2385 unquam
514 2330 694 2386 posthac
734 2341 808 2372 aut
851 2346 1024 2372 amasso
1061 2330 1267 2372 Casinam
1309 2338 1384 2370 aut
1436 2343 1556 2370 occe·

1189 2423 1268 2463 pso
1300 2408 1444 2458 modo,

197 2483 265 2526 Ne
307 2494 351 2526 ut
399 2500 493 2527 eam
539 2500 734 2527 amasso:
781 2488 818 2526 si
860 2501 944 2541 ego
993 2500 1182 2541 unquam
1225 2486 1333 2525 adeo
1376 2484 1557 2539 posthac

1089 2563 1176 2605 tale
1212 2564 1445 2612 admisero,

196 2638 334 2682 Nulla
367 2656 498 2685 causa
531 2652 619 2695 est,
667 2644 770 2700 quin
804 2644 1064 2699 pendentem
1095 2657 1186 2694 nie,
1237 2657 1378 2693 uxor,
1425 2642 1559 2697 virgis

1222 2720 1447 2763 verberes.

88 2795 316 2839 Secundus
349 2813 502 2841 versus
535 2801 869 2857 ignavissimam
903 2799 1036 2842 habet
1069 2801 1311 2857 superioris
1331 2798 1560 2840 sententiae

89 2875 392 2929 repetitionem
426 2887 467 2919 et
500 2889 656 2935 praeter
687 2880 747 2931 id,
781 2879 1000 2936 quodiam
1020 2881 1137 2930 dixi,
1167 2879 1354 2921 alterum
1387 2884 1562 2933 praeter-

1274 2964 1297 2995 6
