1821 3309
1441 185 1539 237 175

141 334 337 378 eiusdem
369 335 518 385 sortis,
549 332 770 388 naufragii
801 339 844 373 et
873 329 1061 387 periculi
1093 329 1317 380 maritimi,
1352 325 1503 370 multis
1534 342 1612 370 no·

137 424 241 457 tam.
302 415 388 457 Sed
417 414 565 455 nescio
597 411 814 468 quomodo
847 409 939 451 haec
964 409 1236 462 tempestatis
1256 408 1492 463 descriptio
1523 422 1611 451 non

138 494 282 535 minus
311 495 577 548 interpretes
609 498 807 541 exercet,
846 503 975 545 quam
1007 489 1104 542 ipsa
1135 485 1359 527 Catullum
1392 488 1608 528 exercuit.

136 571 294 614 Statim
329 572 445 613 enim
479 584 527 612 se
560 584 646 610 non
680 568 927 624 expediunt
963 580 1023 607 ex
1055 565 1122 606 his
1155 563 1302 606 verbis
1337 578 1379 607 v,
1409 566 1466 606 30
1489 578 1609 621 sqq-z

403 649 550 698 Quum
580 647 738 704 plenus
764 646 898 688 fluctu
928 646 1097 687 medius
1123 644 1237 685 foret
1261 642 1418 684 alveus
1441 652 1484 685 et
1505 644 1607 693 iam,

401 727 636 769 Alternum
671 727 828 782 puppis
865 725 981 767 latus
1014 722 1314 765 evertentibus
1345 723 1474 764 undis

402 805 589 848 Arboris
624 806 816 857 incertae,
851 804 1016 845 nullam
1055 802 1286 859 prudentia
1317 802 1417 843 cani

403 884 605 926 Rectoris
639 885 856 926 conferret
891 898 1034 940 opem,
1066 882 1266 923 decidere
1298 881 1415 922 iactu

404 961 561 1019 Coepit
596 972 679 1004 etc.

135 1038 247 1082 Nam
282 1045 447 1097 puppis
488 1050 531 1082 et
575 1040 746 1082 arboris
789 1043 970 1081 iucerloe
1014 1036 1136 1079 nullo
1178 1036 1308 1078 modo
1352 1041 1525 1089 coe'unt,
1556 1053 1610 1080 ne

135 1133 489 1171 commemorem,
541 1118 737 1161 arborem.
766 1122 979 1159 incertam
1013 1131 1090 1172 pro
1134 1118 1235 1157 navi
1275 1115 1474 1158 instabili
1513 1119 1610 1160 sine

90 1218 97 1223 2
133 1198 342 1255 exemplo
375 1199 474 1241 dici.
496 1199 533 1248 ι)
601 1198 878 1254 Quamquam
912 1198 1049 1252 ipsius
1082 1197 1208 1236 navis
1240 1194 1508 1237 instabilitas
1542 1210 1612 1238 sa·

131 1278 187 1318 tis
233 1279 499 1334 exprimitur
544 1287 633 1318 toto
682 1292 829 1328 versu,
876 1285 923 1315 ut
967 1274 1037 1316 vel
1080 1284 1312 1330 propterea
1359 1289 1412 1315 eo
1455 1275 1611 1317 referri

132 1354 263 1397 arbor
303 1359 475 1398 incerta
517 1366 720 1413 nequeat.
790 1355 843 1396 Et
885 1354 1208 1395 distinctionem
1252 1352 1424 1409 quidem
1462 1368 1609 1395 veram

137 1433 405 1476 Schmidtius
450 1436 670 1490 repperit,
711 1434 908 1475 incidens
951 1441 1051 1487 post
1094 1438 1139 1472 et
1179 1441 1221 1472 et
1257 1440 1354 1487 post
1390 1431 1532 1483 undis,
1564 1433 1610 1473 in

134 1513 463 1568 interpretando
508 1512 699 1564 labitur-3
743 1512 838 1553 vult
881 1513 995 1552 enim
1029 1513 1226 1567 puppim,
1258 1510 1299 1551 id
1335 1519 1417 1560 est,
1457 1512 1605 1553 navim

134 1606 211 1646 per
255 1593 577 1648 appositionem
621 1593 683 1633 sic
724 1590 963 1647 appellari;
1006 1590 1081 1631 sed
1128 1599 1169 1630 et
1204 1589 1494 1645 ignavissima
1529 1589 1610 1631 illa

132 1672 350 1727 appositio
393 1679 459 1712 est
498 1686 577 1712 nec
608 1670 754 1722 arbor,
803 1680 849 1711 ut
880 1670 993 1720 dixi,
1039 1671 1101 1709 sic
1134 1670 1234 1724 poni
1269 1677 1427 1725 potest.
1491 1667 1608 1710 Con·-

131 1749 353 1804 iungenda
382 1749 473 1790 haec
503 1758 604 1790 sunt
632 1751 675 1790 in
707 1749 821 1790 hunc
851 1749 1051 1789 modum:
1089 1746 1225 1794 Quum
1259 1747 1411 1787 alvens
1442 1748 1609 1788 medius

116 1827 267 1880 fluctu
293 1827 453 1882 plenus
471 1827 605 1878 foret
639 1834 682 1869 el
713 1827 883 1870 arboris
915 1830 1107 1878 incertae,
1142 1826 1183 1867 id
1223 1834 1304 1877 est,
1335 1824 1440 1866 mali
1474 1827 1610 1868 insta·

130 1904 232 1947 bilis
277 1914 320 1947 et
364 1907 540 1948 iamiam
586 1908 746 1957 casuri,
787 1906 900 1962 quod
946 1904 1218 1946 efficiebatur
1253 1918 1311 1945 ex
1343 1906 1610 1960 gravissima

134 1985 370 2026 iactatione
406 1986 642 2036 (allermtm
665 1989 824 2040 puppis
856 1986 973 2025 lalus
998 1982 1292 2024 evertentibus
1319 1982 1490 2035 undis),
1511 1984 1609 2024 uul-

135 2064 218 2104 lum
251 2063 311 2116 (id
346 2072 426 2116 est,
476 2065 638 2105 omissa
673 2066 717 2105 in
754 2063 1007 2105 vehementi
1044 2071 1086 2102 et
1118 2061 1320 2103 celeriter
1351 2061 1609 2102 decurrente

132 2142 330 2183 oratione
359 2141 589 2197 particula,
619 2148 662 2184 et
688 2143 870 2197 nullam)
895 2142 1140 2197 prudentia
1169 2144 1274 2181 caui
1297 2144 1482 2182 rectoris
1510 2154 1610 2182 cou-

120 2219 276 2270 ferret
319 2234 439 2276 opem
479 2231 563 2263 etc.
630 2222 849 2264 Arborem
893 2235 969 2277 pro
1006 2219 1123 2262 malo
1159 2234 1245 2261 non
1279 2217 1421 2261 solum
1456 2219 1609 2275 Virgi-

129 2298 215 2340 lius
246 2308 288 2341 et
312 2299 476 2341 Paulus
502 2299 620 2341 Ictus
644 2301 870 2351 dixerunt,
902 2314 1011 2356 quos
1036 2298 1308 2350 Schellerus,
1338 2307 1379 2339 et
1403 2298 1610 2340 Lucanus

133 2391 183 2417 ac
223 2376 376 2428 Silius,
422 2393 530 2433 quos
572 2378 852 2420 For-cellinus
893 2377 1058 2428 laudat,
1102 2378 1178 2418 sed
1219 2376 1391 2418 Plinius
1436 2390 1609 2431 qnoque

136 2455 272 2511 Epist.
300 2454 386 2506 lx,
414 2456 491 2496 26:
522 2455 880 2505 stre‘demtjunes‚
909 2461 1119 2496 curvatur
1136 2454 1283 2506 arbor,
1304 2453 1608 2509 gubernacula

158 2619 189 2662 1)
214 2618 365 2658 Arbor,
397 2628 481 2666 ‹111ae
503 2621 608 2652 stans
638 2621 675 2652 et
701 2621 828 2652 crecta
854 2615 1069 2663 cogitatur,
1092 2628 1171 2651 non
1193 2620 1323 2664 potest
1353 2616 1408 2651 sic
1435 2628 1506 2664 pro
1533 2629 1606 2652 ma-

223 2678 320 2715 teria
353 2683 392 2713 et
423 2679 562 2714 deinde
587 2691 657 2726 pro
685 2679 774 2714 navi
801 2679 903 2721 dici,
945 2684 990 2713 ut
1018 2679 1128 2714 navis
1153 2679 1295 2714 iactata
1319 2677 1436 2714 arbor
1459 2678 1607 2714 incerta

222 2740 462 2787 appelletur,
504 2741 619 2776 aliter
656 2740 821 2775 Ovidius
859 2739 1019 2776 lleroid.
1046 2739 1147 2784 ΧΠ,
1182 2745 1205 2776 8
1241 2742 1411 2777 arborem
1437 2742 1607 2777 Peliada

221 2800 327 2846 Argo
362 2801 484 2846 dixit,
531 2803 722 2850 originem
756 2802 865 2837 navis
901 2802 1127 2850 significans
1167 2801 1392 2849 (Pelischer
1417 2802 1605 2846 Stamm);

227 2860 344 2898 aliter
368 2862 482 2901 etiam
507 2865 699 2913 Virgilius
726 2864 772 2901 de
798 2865 924 2901 remis.
