1821 3309
1427 195 1528 244 299

128 353 224 380 cum
268 338 520 393 scripturis,
570 338 1048 393 p1·aeter.Freundiurn,
1095 339 1168 393 qui
1213 336 1449 389 nonnulla,
1504 352 1599 394 quae

124 407 349 460 'Wunderi
407 416 682 471 diligentiam
740 418 784 457 in
836 417 983 458 codice
1035 416 1281 461 Erfurtensi
1335 417 1598 478 conserendo

130 497 408 546 fefellerant,
440 495 663 550 supplevit
694 510 743 536 ac
775 497 994 546 correxit,
1025 507 1243 536 auxerunt
1271 498 1601 550 Steinmetzius,

130 578 204 631 qui
256 585 399 616 tamen
460 588 611 629 parunt
666 575 803 628 perite
849 583 891 614 et
935 573 1171 629 diligenter
1228 576 1449 617 codicibus
1495 591 1599 618 usus

129 664 196 695 est
230 654 334 708 (vid.
375 668 523 708 opusc.
569 667 666 693 mea
711 653 831 693 acad.
875 668 916 708 p.
947 655 1074 704 176),
1113 653 1333 705 Orellius,
1387 658 1457 710 qui
1495 671 1602 711 pra·-

130 742 326 788 terquam
369 731 479 787 quod
521 733 563 771 in
607 731 878 772 orationibus
932 746 1009 786 pro
1050 732 1231 788 Ligario
1288 744 1330 774 et
1387 734 1600 776 Deiotaro

131 813 292 852 codicis
347 811 576 852 Leidensis
628 812 742 851 inter
799 810 1003 851 meliores
1060 813 1316 853 numerandi
1363 817 1601 870 scripturas

129 890 302 940 attulit,
349 905 549 946 magnam
596 892 753 931 meruit
802 888 1028 930 Ciceronis
1071 892 1363 932 studiosorum
1397 896 1601 948 gratiam,

131 984 260 1025 quum
295 971 337 1009 in
370 969 642 1010 Catilinariis
682 969 864 1009 duorum
899 970 1094 1010 codicum
1130 980 1398 1011 vetustorum
1432 981 1474 1012 et
1506 988 1602 1027 per·

128 1047 360 1098 bonorum,
392 1047 742 1103 Tege1·nseensis
767 1058 807 1087 et
828 1047 1195 1103 Rhenaugiensis,
1220 1052 1458 1104 scripturas
1476 1051 1603 1105 plene

133 1136 177 1168 et
211 1135 411 1167 accurate
448 1126 702 1174 adnotavit,
744 1125 989 1177 soldanus,
1036 1129 1105 1182 qui
1142 1129 1184 1167 in
1218 1128 1490 1169 orationibus
1527 1146 1602 1185 pro

130 1206 313 1262 Ligario
347 1213 390 1245 et
422 1204 633 1245 Deiotaro
665 1204 963 1259 compluribus
996 1205 1216 1247 codicibus
1245 1206 1604 1262 Guelferbytanis

130 1295 173 1326 et
215 1282 557 1326 Monacensibus
600 1297 704 1323 usus
743 1292 834 1332 est,
878 1294 1097 1338 postremo
1141 1284 1411 1336 Bennett-ius,
1459 1290 1602 1343 quiin

133 1365 332 1406 oratione
376 1362 428 1402 de
467 1363 650 1416 imperio
685 1361 907 1416 Pompeii,
953 1362 1162 1403 adhibitis
1196 1365 1418 1406 codicibus
1449 1366 1607 1408 Mona·

133 1440 353 1491 censibus,
394 1440 555 1489 effecit,
584 1448 630 1479 ut
664 1439 715 1480 de
743 1440 1007 1481 deteriorum
1041 1441 1236 1482 codicum
1270 1443 1448 1484 familiai
1484 1448 1607 1486 testi-

134 1521 280 1562 monio
328 1527 561 1559 constaret.
655 1518 872 1559 Momenti
916 1529 1059 1560 autem
1115 1520 1179 1561 bae
1223 1525 1497 1565 accessiones
1542 1526 1608 1566 fa-

135 1600 254 1641 ciunt
296 1597 383 1638 illae
431 1598 604 1653 quidem
645 1599 775 1638 etiam
818 1599 862 1638 in
911 1600 1066 1639 ceteris
1107 1601 1382 1643 orationibus
1425 1603 1608 1659 aliquid,

135 1677 259 1719 velut
292 1678 335 1717 in
366 1676 678 1727 Deiotariana,
726 1676 797 1717 ubi
833 1691 1002 1718 summa
1034 1687 1100 1718 est
1131 1679 1325 1720 codicum
1359 1683 1488 1722 etiam
1522 1697 1609 1724 non

133 1770 312 1813 prorsus
351 1756 692 1808 spernendorum
737 1755 1029 1810 discrepantia
1083 1767 1123 1798 et
1170 1761 1292 1813 quasi
1338 1763 1611 1803 testimonio·

134 1849 228 1876 rum
267 1833 496 1881 confusio,
552 1834 627 1874 sed
664 1833 899 1888 plurimum
942 1844 1087 1876 tamen
1130 1838 1173 1877 in
1217 1836 1515 1892 Catilinariis‚
1562 1842 1607 1881 in

137 1912 295 1968 quibus
338 1927 452 1952 nunc
500 1912 672 1952 demum
717 1913 873 1953 ducum
920 1913 1132 1955 bonorum
1179 1926 1323 1957 notam
1358 1927 1400 1957 et
1435 1933 1612 1974 perspe-

137 2000 248 2032 ctam
295 1991 599 2030 auctoritatem
643 1991 767 2044 Sequi
806 1999 848 2030 et
880 1994 1064 2032 certiore
1103 1996 1172 2034 via
1200 1996 1400 2036 incedere
1433 1995 1534 2036 licet
1568 2006 1612 2038 et

137 2069 360 2125 quaedam,
392 2081 486 2122 quae
516 2076 644 2108 antea
677 2067 922 2122 probabilia
957 2071 1093 2111 videri
1129 2072 1363 2125 debebant,
1395 2077 1612 2116 omittere.

136 2146 289 2202 Itaque
335 2147 379 2187 in
418 2144 486 2185 his
529 2144 802 2186 orationibus
850 2148 988 2187 maior
1023 2163 1148 2204 quam
1185 2152 1228 2191 in
1264 2152 1446 2208 reliquis
1481 2153 1610 2195 huius

137 2233 182 2266 et
210 2225 450 2279 superioris
473 2225 786 2279 recognitionis
822 2226 1113 2283 discrepantia
1146 2238 1227 2280 est,
1268 2231 1319 2271 de
1355 2247 1438 2287 quo
1471 2233 1611 2274 dicam

138 2302 271 2359 paulo
315 2310 414 2356 post
460 2301 599 2357 plura.
679 2302 728 2344 In
764 2303 947 2360 reliquis
979 2307 1276 2359 orationibus,
1310 2312 1504 2351 maxime
1538 2313 1612 2359 iis,

138 2380 182 2422 in
217 2380 374 2435 quibus
401 2381 586 2420 diversae
618 2381 814 2422 codicum
849 2383 1026 2424 familiae
1061 2386 1282 2436 eminent,
1317 2387 1446 2441 paulo
1479 2390 1612 2430 etiam

139 2459 359 2515 pressius,
391 2472 517 2512 quam
552 2468 681 2509 antea
713 2459 928 2509 feceram,
960 2462 1003 2501 in
1037 2462 1187 2503 ordine
1223 2463 1459 2505 verborum
1493 2465 1616 2506 aliis-

140 2551 223 2592 que
259 2535 566 2576 minutioribus
608 2536 738 2577 rebus
780 2540 1002 2593 sequenda
1042 2540 1272 2582 meliorum
1309 2543 1502 2584 codicum
1539 2559 1616 2584 au-

140 2616 320 2656 ctoritas
353 2614 460 2665 fuit,
503 2614 625 2656 velut
653 2616 697 2656 in
727 2616 996 2672 Pompeiana
1029 2628 1128 2673 post
1160 2618 1456 2673 Beneckium,
1506 2636 1615 2663 non-

141 2691 273 2733 nulloe
309 2693 440 2733 etiam
476 2693 607 2748 paulo
641 2695 818 2735 maioris
848 2699 1056 2737 momenti
1088 2699 1315 2753 scripturae
1337 2701 1616 2752 asciscendae,

143 2784 250 2824 quas
293 2779 369 2812 aut
415 2770 494 2812 alii
536 2772 637 2813 inde
677 2781 918 2828 protractas
949 2784 1065 2817 recte
1096 2776 1382 2820 defenderant
1414 2787 1488 2820 aut
1520 2781 1613 2835 ipse

143 2856 298 2904 postea
338 2849 511 2892 demum
556 2865 682 2905 veras
722 2865 819 2907 esse
861 2855 1273 2906 animadverteram.
1337 2857 1424 2900 Sed
1456 2858 1499 2899 in
1535 2857 1616 2898 hoc
