1821 3309
1490 180 1524 228 9

133 311 207 353 ubi
246 326 359 355 nunc
390 328 450 355 ex
481 314 628 357 Ursini
660 314 998 370 interpolatione
1032 315 1197 358 editur:
1242 316 1319 359 Ila
1349 322 1460 360 enim
1493 334 1590 364 con-

132 390 312 432 tendere
350 393 404 433 de
443 406 491 432 re
521 391 729 446 publica,
773 399 823 434 nt
860 393 910 434 id
952 392 1167 440 defendas
1201 394 1307 448 (fe,
1351 396 1591 440 Abramius

133 467 263 509 scribi
301 469 463 510 voluit:
507 468 683 510 Etenim
725 493 782 500 -
816 483 941 524 quum
985 471 1035 511 id
1063 471 1303 521 defendo-⁹,-
1350 476 1471 517 codd.
1505 480 1591 532 pri-

133 560 248 586 mum
296 546 355 588 Id
395 551 531 598 enim,
582 547 738 589 deinde
786 547 926 589 altera
977 557 1020 589 et
1065 552 1194 591 tertia
1235 551 1403 594 familia
1438 554 1591 610 (ΕΑΒ)

131 625 433 666 contenderem
464 626 518 666 de
547 639 653 680 rep„
688 640 831 683 quum,
862 628 1002 682 prima
1039 628 1104 681 (P)
1141 629 1402 672 contendere
1431 645 1590 673 mecum

133 702 186 744 de
218 717 309 758 rep.
352 718 460 756 cnm,
501 703 672 745 librarii
703 705 846 761 culpa,
894 707 1080 762 primum
1119 707 1173 748 ad
1205 721 1297 749 cnm
1333 707 1593 761 aberrantis,

131 781 288 822 deinde
317 791 434 823 recte
467 782 792 839 pei-scribentis.
852 784 940 825 Sed
967 787 1235 827 coniunctivi
1261 802 1392 829 causa
1422 788 1483 829 ibi
1514 789 1591 830 ali-

132 860 244 901 unde
268 860 437 916 duplex
462 863 616 909 oritur,
652 870 694 903 et
726 877 785 904 ex
808 865 1006 904 oratione
1034 863 1207 906 infinita
1237 875 1279 906 et
1310 881 1370 907 ex
1390 868 1590 909 secundae

129 953 329 994 personae
368 953 448 980 usu
494 939 799 995 hypothetico3
842 957 920 996 per
960 956 1007 983 se
1039 943 1212 996 quidem
1253 944 1434 987 dicitur:
1484 946 1594 987 Cou-

130 1018 259 1058 tendo
285 1031 399 1072 saepe
426 1031 519 1059 enm
551 1030 600 1058 eo
627 1018 680 1058 cle
706 1032 812 1072 rep„
837 1032 962 1073 quum
995 1019 1045 1060 id
1073 1019 1264 1070 defendo
1295 1021 1377 1075 (52⁶.
1436 1023 1592 1066 Paullo

130 1095 261 1137 aliam
305 1095 438 1137 habet
468 1097 699 1147 rationem,
738 1097 853 1152 quod
885 1099 1092 1153 scriptum
1125 1107 1191 1139 est
1223 1100 1275 1140 de
1305 1100 1402 1141 Fin.
1434 1101 1492 1153 V,
1521 1104 1591 1153 22,

126 1176 207 1217 342
248 1173 456 1216 hominem
489 1189 513 1216 e
547 1189 726 1229 corpore
755 1179 985 1231 animoque
1013 1183 1240 1228 constare,
1288 1192 1414 1233 quum
1446 1181 1499 1234 (oz
1530 1182 1591 1221 ita

129 1258 273 1294 tamen
307 1258 374 1303 ut)
413 1258 572 1308 prz'lnoe
613 1261 705 1297 sinc
749 1259 889 1295 animi
933 1261 1108 1310 partes,
1155 1258 1356 1298 secundoe
1397 1263 1591 1314 corporis

128 1331 225 1384 (cfr.
256 1332 316 1382 V,
347 1334 417 1382 14,
451 1335 556 1385 40);
589 1335 665 1376 sed
699 1343 844 1376 tamen
876 1335 918 1374 in
953 1342 1070 1376 recta
1100 1337 1298 1376 oratione
1328 1336 1591 1378 indicativus

127 1419 243 1451 esset
265 1411 313 1464 ¹).

242 1487 292 1529 C.
323 1491 367 1540 7,
400 1492 471 1540 16,
503 1489 579 1531 ubi
613 1489 845 1532 edebatur:
878 1495 1126 1544 praeserlim
1158 1504 1284 1546 quum
1320 1495 1368 1532 in
1399 1492 1587 1535 Albucio

130 1579 212 1607 nec
240 1567 414 1608 Pe'sonz‘s
445 1567 652 1609 libidines
684 1582 764 1609 nec
795 1568 988 1608 audacia
1016 1568 1202 1610 Gabinia·
1218 1569 1384 1620 suerit,
1415 1570 1499 1612 hac
1524 1578 1591 1614 Ια-

130 1658 225 1686 men
265 1659 354 1686 una
387 1648 529 1701 plaga
565 1647 821 1697 conciderit,
862 1647 906 1687 in
951 1647 1075 1688 codd.
1115 1646 1351 1689 Bernenss.
1400 1659 1465 1690 est
1509 1650 1592 1692 Ιιαο

133 1729 277 1764 lamen
318 1723 416 1774 leae,
455 1726 499 1764 in
541 1724 634 1764 Erf.
680 1723 752 1764 Ιιίο
790 1738 844 1764 ae
884 1730 1028 1764 tmnen
1067 1725 1164 1776 leuc,
1199 1728 1242 1766 in
1276 1727 1374 1767 Par.
1405 1728 1592 1784 denique

127 1815 181 1843 ac
213 1808 358 1842 tamen
400 1816 468 1853 ac,
498 1816 558 1843 ex
592 1816 676 1858 quo
715 1801 927 1853 efficitur,
970 1803 1085 1858 quod
1127 1804 1292 1858 pridem
1338 1805 1593 1849 Wunder-us

128 1880 267 1935 (praef.
309 1880 402 1922 cod.
447 1880 539 1922 Erf.
582 1896 625 1936 p.
667 1880 790 1935 LIX)
833 1880 964 1922 scribi
1007 1883 1158 1923 iussit:
1212 1897 1266 1923 ac
1307 1888 1451 1925 lamen
1494 1884 1592 1927 Ιιαε.

129 1958 327 2001 Orellius
359 1959 509 2011 edidit,
539 1960 653 2015 quod
682 1961 726 2000 in
751 1958 911 2000 Bernn.
941 1968 1049 2011 erat,
1079 1961 1240 2002 vitioso
1264 1963 1474 2016 asyndeto
1506 1979 1592 2005 non

131 2036 323 2087 sublato,
368 2037 546 2079 inducta
588 2039 919 2079 asseveratione
961 2039 1082 2079 inani
1115 2040 1158 2079 in
1193 2040 1344 2080 sedata
1376 2042 1588 2083 oratione.

126 2115 396 2171 Paulo‘post
430 2116 522 2173 (17)
553 2131 645 2158 vox
680 2116 880 2158 tribunus
911 2115 1097 2158 delenda
1128 2131 1215 2157 non
1250 2126 1371 2168 erat3
1417 2120 1588 2161 codices

128 2196 418 2236 recentissimi
441 2203 483 2236 et
514 2197 692 2251 pessimi
723 2195 954 2237 Bai-herini
985 2194 1153 2236 nullum
1187 2211 1365 2251 prorsus
1398 2212 1591 2240 momen-

127 2281 217 2314 tum
260 2282 342 2325 est,
385 2275 562 2331 optimis
611 2274 762 2332 (etiam
805 2276 855 2330 P)
897 2273 1288 2316 consentientibus.
1354 2275 1476 2317 Nihil
1510 2286 1591 2329 est,

156 2451 187 2494 ι)
216 2450 257 2485 C.
287 2455 322 2492 6,
349 2455 393 2485 13
420 2451 622 2486 delendum
650 2456 709 2487 est
734 2454 810 2487 iam
842 2451 890 2496 (P
912 2451 994 2495 E),
1030 2457 1069 2487 et
1105 2463 1126 2487 e
1163 2452 1246 2487 Par.
1272 2451 1517 2486 scribendum
1543 2454 1591 2487 iis

220 2513 314 2556 ipsis
335 2513 499 2558 prcemit's
525 2516 612 2558 (pro
642 2515 700 2546 his
725 2514 748 2548 i.
771 2516 836 2557 p.).
897 2511 988 2557 Cap.
1016 2515 1050 2552 6,
1075 2515 1132 2552 15,
1165 2511 1232 2545 uhi
1260 2512 1430 2546 Orellius
1458 2513 1590 2555 edidit,

217 2572 402 2618 Naugerii
427 2572 544 2607 fidem
569 2577 746 2612 secutus,
783 2578 826 2606 ut
853 2573 1058 2617 imperator
1086 2574 1325 2618 appelletur,
1354 2584 1483 2607 omnes
1511 2578 1589 2608 tres

219 2633 328 2669 codd.
354 2633 509 2668 familiae
535 2634 711 2678 (ABPE
737 2632 974 2680 reliquique)
1020 2633 1242 2675 ostendunt,
1265 2634 1488 2669 mendosum
1511 2636 1588 2683 pri-

217 2695 379 2728 marium
404 2695 576 2730 codicem
600 2694 746 2741 suisse3
771 2694 847 2729 isto
873 2693 985 2729 modo
1013 2694 1131 2729 scribi
1158 2695 1317 2741 nequit3
1353 2708 1440 2730 nam
1464 2707 1589 2744 neque

218 2755 265 2790 de
288 2756 401 2791 modo
424 2756 693 2805 appellationis
719 2756 980 2805 qumi-ebatur,
1015 2759 1054 2790 et
1078 2755 1283 2791 dicendum
1307 2760 1388 2791 erat
1416 2760 1495 2792 tum
1521 2770 1587 2803 ap-

217 2818 384 2861 pellaeus
409 2821 469 2856 sit.
520 2819 673 2856 Certam
696 2818 923 2854 medicinam
947 2828 1026 2853 non
1051 2816 1210 2865 reperio.
