1821 3309
245 167 346 218 312

185 309 280 349 eius
314 302 556 361 periculum
584 302 754 344 adiecta
774 301 985 344 absentiae
1014 300 1216 343 Deiotari
1248 304 1667 346 commemoratione

188 387 248 440 (in
294 398 378 439 qua
421 381 622 423 nonnulli
668 381 926 432 hauserunt),
972 390 1019 421 ut
1063 382 1157 436 ipse
1207 395 1253 422 se
1300 381 1536 423 defendere
1581 395 1670 424 non

186 471 351 520 posset.
417 461 504 503 Sed
546 463 589 502 in
638 460 862 501 codicibus
908 459 1106 515 pluribus
1149 441 1206 500 et)
1232 462 1303 512 iis,
1335 474 1445 517 quos
1480 460 1673 502 editores

187 541 480 584 recentissimi
514 539 736 581 serviliter
770 548 1028 594 sequuntur,
1062 540 1271 594 scriptum
1309 548 1375 580 est
1410 539 1671 588 υἰιιάίεανες

189 623 338 677 itaque
380 620 420 661 id
464 619 532 660 illi
582 620 797 674 arripiunt
839 617 1079 672 (KlotziuS,
1124 616 1391 670 Beneckius,
1432 617 1673 671 soldanus)

191 710 235 743 et
266 702 375 741 mire
417 714 465 741 se
508 700 552 739 in
598 699 817 738 sententia
863 696 1128 737 declaranda
1171 706 1392 752 torquent,
1424 696 1675 738 Beneckius

193 782 258 822 sic
289 793 515 830 enarrans,
565 779 689 833 quasi
734 776 869 817 verba
903 775 1158 831 significare
1192 777 1378 830 possint,
1411 775 1677 832 Phidippum

192 862 352 901 iratum
384 857 598 899 Deiotaro
635 865 676 897 et
711 854 892 895 ultionis
925 855 1127 909 cupidum
1162 854 1300 895 fuisse
1333 856 1396 903 (in
1430 837 1516 911 qna
1551 868 1678 895 enar-

195 941 368 981 ratione
414 938 572 978 mirum
616 944 682 975 est
722 947 833 975 unus
881 939 1007 984 esset,
1051 935 1206 974 mirum
1238 939 1400 988 poss-el,
1437 935 1592 975 mirum
1626 933 1680 974 de

197 1017 392 1068 absente,
431 1017 541 1056 mira
583 1014 763 1066 omnia),
817 1012 1037 1054 Soldanus
1083 1022 1227 1053 autem
1273 1017 1311 1054 is
1349 1026 1590 1066 pronomen
1635 1019 1681 1053 et

197 1096 292 1138 haec
337 1096 484 1136 omnia
525 1093 578 1134 ad
616 1092 835 1133 Caesarem
881 1091 1138 1138 traducens,
1192 1093 1316 1147 quasi
1359 1091 1401 1132 id
1440 1091 1679 1146 separatim

199 1172 630 1217 commemorandum
682 1171 838 1221 fucrit,
902 1168 1120 1210 Caesarem
1166 1169 1381 1210 Deiotaro
1439 1183 1597 1210 nocere
1637 1176 1682 1209 et

201 1253 375 1296 absenti
422 1265 581 1293 nocere
619 1263 750 1305 posse
795 1250 855 1301 (in
889 1263 973 1303 quo
1007 1262 1192 1304 quaeum,
1224 1250 1400 1304 quinam
1434 1247 1512 1289 alii
1543 1248 1683 1304 signi-

202 1332 389 1374 ficentur
435 1331 487 1370 de
536 1336 753 1383 praesente
812 1326 1024 1366 ultionem
1083 1341 1256 1366 sumere
1314 1328 1476 1382 posse).
1555 1325 1683 1368 Nihil

202 1412 298 1452 dico
346 1409 398 1449 de
442 1409 538 1462 ipsa
584 1406 893 1447 coniunctione
942 1403 1174 1445 verborum
1226 1405 1477 1459 (vindicare
1532 1419 1579 1446 se
1630 1405 1685 1447 de

203 1486 373 1543 aliquo)
417 1501 441 1527 a
487 1484 630 1526 Plinio
674 1483 848 1524 Minore
880 1484 931 1524 ad
966 1483 1223 1524 Ciceronem
1270 1499 1423 1525 secure
1456 1482 1686 1536 translata,

205 1569 277 1624 qui
314 1580 456 1622 neque
495 1579 541 1605 se
584 1564 814 1605 eluda-‘cure
859 1577 1000 1618 neque
1034 1563 1218 1603 alterum
1253 1561 1382 1603 dixit.
1445 1561 1546 1605 Non
1577 1564 1686 1604 satis

208 1660 312 1687 usus
369 1659 443 1685 ero
492 1643 572 1684 liae
617 1658 702 1683 una
751 1642 1027 1697 paragrapho
1079 1651 1121 1682 et
1165 1642 1218 1683 ad
1266 1656 1416 1683 eorum
1471 1642 1686 1694 codicum,

208 1726 280 1781 qui
316 1722 422 1764 alibi
459 1731 575 1763 recte
613 1721 864 1771 laudantur,
899 1721 1258 1776 depr-{wationem
1302 1729 1343 1761 et
1383 1720 1437 1762 ad
1469 1721 1686 1763 editorum

207 1803 608 1844 recentissimorum
644 1800 790 1840 iudicii
822 1801 1083 1852 pravitatem
1116 1799 1450 1850 declarandam,
1496 1801 1582 1840 nisi
1613 1799 1689 1841 ad·

172 1881 378 1933 'didm-o,
421 1881 571 1936 paucis
611 1893 743 1933 supra
790 1877 1008 1928 versibus,
1055 1876 1129 1918 ubi
1181 1887 1270 1918 est:
1318 1891 1404 1918 mm
1452 1878 1576 1918 modo
1614 1891 1690 1920 ne-

211 1973 337 2015 quam
383 1965 425 1999 el
470 1956 702 2012 inqu-obus,
744 1957 822 1997 sed
865 1961 995 1997 ellam
1029 1956 1196 2006 saluus
1240 1961 1281 1996 et
1320 1969 1469 1997 amens
1512 1971 1573 2008 es,
1619 1971 1691 1998 ac-

212 2047 361 2079 curate
401 2036 556 2078 relatis
599 2037 711 2076 inter
754 2049 801 2076 sc
835 2036 1152 2076 adiectis-orum
1193 2033 1370 2089 paribus
1405 2035 1550 2090 (quam
1585 2037 1694 2077 scri-

213 2127 385 2171 pturam
431 2113 693 2156 confirmant
738 2123 893 2169 prrcter
926 2113 1039 2153 alios
1073 2112 1355 2153 coloniensis
1387 2121 1429 2152 et
1461 2111 1691 2153 Gudianus

214 2193 260 2241 l,
313 2194 398 2233 nisi
440 2193 552 2247 quod
601 2195 732 2231 elium
779 2193 1010 2241 omittunt,
1054 2191 1167 2245 quod
1214 2198 1357 2246 potest
1400 2188 1603 2244 abesse),
1646 2191 1693 2232 in

217 2272 312 2312 cod.
350 2270 470 2321 ΕΓΒ,
523 2269 636 2309 Gud.
677 2270 728 2318 2,
778 2267 940 2309 salisb.
984 2270 1193 2325 scriptum
1240 2282 1358 2310 esse:
1430 2281 1516 2308 non
1569 2269 1694 2310 modo

217 2363 400 2405 nequam
441 2354 486 2390 et
536 2346 756 2401 improbus
805 2353 847 2387 el
873 2345 1067 2397 saluus,
1123 2348 1201 2388 sed
1252 2351 1381 2387 ellam
1438 2360 1586 2387 amem
1634 2361 1694 2398 es,

219 2442 404 2483 eamque
445 2427 662 2467 fatuitatis
706 2424 760 2466 ab
794 2421 985 2466 amentia
1022 2424 1366 2475 abiunetionetn,
1397 2425 1450 2466 ad
1487 2423 1696 2481 improbi·

219 2515 352 2548 tatem
387 2514 532 2546 autem
567 2505 890 2545 adiunctionem
929 2504 1146 2560 placuisse
1181 2503 1420 2545 Beneckio.

335 2588 358 2636 ξ
401 2586 458 2625 23
495 2583 679 2632 iisdem,
728 2597 836 2639 quos
884 2597 999 2638 saepe
1052 2585 1256 2634 nomino,
1304 2581 1528 2623 codicibus
1570 2580 1699 2634 (Erf.,

223 2662 338 2704 Gud.
367 2664 410 2713 2,
438 2660 617 2712 salisb„
643 2661 742 2702 Par.
769 2660 857 2715 XI)
891 2670 933 2702 et
956 2663 1186 2718 perpaucis
1213 2661 1313 2702 aliis
1344 2668 1548 2717 parentes
1571 2657 1701 2700 Klot-

224 2742 319 2783 zius
345 2749 387 2781 et
403 2739 624 2783 Soldanus
638 2738 896 2781 Ciceronem
921 2755 1036 2782 novo
1055 2740 1261 2796 loquendi
1280 2752 1443 2796 genere
1461 2744 1703 2790 auxerunt,

223 2834 355 2876 quum
388 2819 682 2874 scripserunt:
726 2821 805 2873 qui
841 2819 959 2860 dcc-to
1000 2818 1250 2860 obedientes
1291 2821 1337 2859 in
1372 2820 1500 2859 {coetu
1537 2829 1586 2858 re
1615 2827 1701 2858 non
