1821 3309
1438 167 1539 218 367

261 307 359 348 Lib.
393 306 623 355 XXXIII,
654 310 731 349 31:
769 308 1012 351 Idenle'dem
1047 306 1292 360 Quinctius,
1336 310 1606 353 liberanda-m

147 400 308 428 omnem
354 387 602 440 Graeciam‚
657 392 700 429 sc·
739 388 993 430 AEtolornm
1035 391 1212 444 linguas·
1256 390 1514 443 retundere,
1567 395 1610 432 εἰ

146 479 292 506 veram
322 470 567 518 caritatem,
597 471 866 508 maiestatem
890 468 1009 522 apud
1033 482 1176 509 onmes·
1206 473 1392 509 nominis
1420 470 1612 512 Romam·

145 546 309 586 vellent
329 559 435 586 esse.
494 545 941 588 Incommodissimam
963 563 1058 588 esse
1077 557 1119 588 et
1137 547 1460 590 intolerabilem
1480 564 1608 605 asyn-

145 625 234 665 deti
266 623 453 681 figuram
484 627 529 666 in
563 625 707 666 verbis
739 630 986 674 caritatem,
1017 632 1284 668 maiestatem
1318 643 1484 680 omnes,
1515 631 1608 686 opi-

145 718 239 756 nor,
285 706 489 753 sentient,
533 706 616 745 nisi
651 707 722 760 qui
758 704 922 746 nullam
960 707 1137 747 omnino
1168 708 1261 746 otiis
1291 706 1444 762 figurae
1478 709 1606 750 adhi-

145 783 297 825 bendae
328 785 626 825 condicionem
664 799 760 826 esse
793 786 982 826 credent.
1049 785 1200 842 ltaque
1231 786 1513 844 Kreyssigius
1542 790 1605 843 (in

145 864 339 905 editione
371 864 499 905 huius
530 863 648 918 libri)
683 879 706 905 e
740 865 886 905 codice
917 863 1232 922 Bambergensi
1266 869 1460 923 scripsit:
1492 873 1608 910 cari-

144 949 276 985 tatem
305 950 350 984 et
377 948 660 986 neatestalem.
722 944 806 985 Sed
837 944 967 986 aliam
1000 947 1260 1001 pravitatem
1292 961 1376 987 non
1408 949 1604 989 animad-

143 1025 303 1073 vertit,
349 1038 442 1078 quae
478 1022 549 1064 vel
593 1025 655 1064 sic
694 1024 736 1063 in
778 1023 845 1064 his
891 1024 1036 1065 verbis
1076 1024 1223 1068 han-et.
1291 1025 1404 1068 Nam
1447 1029 1606 1069 caritas

141 1103 326 1145 Romani
349 1103 551 1152 nominis,
580 1103 614 1142 si
639 1101 850 1143 Graeciam
877 1102 1061 1144 Romani
1088 1119 1172 1145 non
1199 1104 1451 1158 liberarent,
1482 1107 1605 1149 nulla

142 1197 248 1223 vera
273 1182 419 1222 futura
445 1189 550 1230 erat,
590 1181 665 1221 sed
695 1190 861 1223 tantum
885 1182 1091 1224 simulata
1123 1185 1217 1225 eius
1246 1186 1438 1240 species;
1471 1188 1605 1228 maie-

138 1269 228 1302 stas
252 1260 360 1301 nihil
381 1260 481 1300 inde
507 1260 755 1301 detrimenti
781 1272 958 1317 captura
979 1273 1072 1304 erat
1094 1278 1233 1319 neque
1259 1266 1352 1305 eius
1376 1268 1537 1307 veritas
1559 1269 1604 1309 in

138 1340 220 1382 hac
242 1355 288 1381 re
313 1339 404 1380 ullo
434 1339 560 1380 modo
588 1339 814 1395 agebatur.
874 1341 1026 1398 Itaque
1052 1357 1076 1382 a
1101 1343 1248 1384 codice
1271 1342 1605 1403 Bambeigensi,

138 1421 212 1475 qui
243 1419 443 1460 mendum
475 1419 698 1474 particulae
727 1420 972 1462 adiectione
1003 1421 1206 1474 occultat,
1237 1423 1504 1467 redeundum
1537 1435 1604 1468 est

139 1499 222 1540 hoc
256 1498 352 1540 loco
386 1498 438 1539 ad
462 1497 767 1555 Moguntinam
801 1502 1057 1553 scripturam
1091 1516 1232 1558 exque
1264 1518 1315 1544 ea
1349 1503 1438 1545 haec
1470 1504 1605 1547 effici-

139 1579 275 1621 enda:
317 1582 358 1619 εἰ
400 1591 506 1619 vera
548 1583 737 1620 caritate
774 1583 1042 1621 maiestatem
1090 1582 1210 1636 apud
1240 1597 1384 1624 omnes
1417 1590 1604 1627 nominis·

140 1660 334 1701 Romam·
362 1659 525 1699 vellent
566 1673 672 1710 esse,
714 1658 796 1700 hoc
826 1669 907 1711 est,
943 1661 980 1700 si
1015 1675 1116 1701 vero
1148 1677 1295 1703 amore
1330 1665 1600 1708 maiestatem

137 1738 379 1781 Romanam
415 1737 498 1778 coli
531 1737 710 1779 vellent.
775 1738 932 1781 Livius
968 1739 1001 1789 Ι,
1033 1741 1113 1781 54:
1144 1742 1279 1797 Apud
1307 1745 1468 1785 ma'lc'les
1499 1760 1601 1786 vero

136 1819 265 1872 (Sex.
291 1817 577 1874 Tarquinius)
614 1825 741 1859 tauta
773 1824 962 1861 caritate
996 1835 1103 1873 esse,
1136 1828 1185 1862 ut
1212 1836 1297 1862 non
1324 1829 1457 1877 pater
1495 1824 1602 1866 Tar-

135 1901 313 1953 qm'm'ns
337 1902 563 1952 potentior
594 1898 743 1939 Romae
776 1899 1053 1954 quamfilt'us
1087 1901 1241 1942 Gabiis
1272 1909 1397 1943 esset.
1457 1903 1602 1954 Quam

135 1976 266 2018 facile
299 1976 520 2018 ablativus
558 1978 602 2018 in
634 1980 930 2020 accusativum
975 1989 1152 2037 propter
1182 1983 1433 2037 proximum
1468 1987 1602 2025 maie-

133 2063 289 2098 statem
325 2057 509 2097 transire
544 2059 750 2111 potuerit,
776 2067 971 2114 apparet.

246 2134 347 2179 Lib.
378 2135 610 2187 XXXIII,
640 2138 709 2177 32.
748 2136 1124 2179 Commemoratur
1152 2137 1329 2180 habitus
1357 2142 1602 2184 animorum

135 2223 179 2255 et
220 2217 496 2270 exspectatio
531 2225 632 2257 ante
667 2215 794 2257 ludos
827 2216 1051 2269 Isthmios,
1085 2217 1243 2274 quibus
1280 2217 1334 2261 T.
1369 2219 1603 2270 Quinctius

138 2292 350 2335 Graeciam
386 2293 572 2337 liberam
604 2298 918 2351 pronuntiavit.
984 2296 1069 2338 llic
1110 2296 1233 2338 locus
1271 2307 1371 2339 ante
1407 2309 1603 2342 nostram

135 2382 307 2414 aetatem
347 2373 512 2415 fractus
557 2384 600 2415 et
633 2389 812 2416 mancus
847 2373 1057 2416 edebatur
1093 2375 1175 2418 hoc
1208 2377 1362 2418 modo:
1396 2375 1489 2419 Sed
1520 2391 1601 2420 ex-

134 2455 406 2506 spectatae‘one
430 2457 581 2504 erecti,
608 2458 686 2510 qul
710 2453 869 2495 deinde
896 2460 1036 2496 status
1052 2453 1244 2504 futurus
1273 2455 1474 2508 Groece‘oe,
1506 2470 1602 2513 qnoe

133 2544 214 2572 sua
240 2529 437 2582 ,fortuna
479 2538 617 2574 esset:
674 2534 760 2575 αΙίι·
797 2547 884 2575 uon
929 2537 1063 2575 tacita·
1114 2535 1249 2576 solum
1291 2535 1601 2590 opinabuntur,

135 2610 214 2651 sed
240 2611 509 2653 sermonibus
543 2616 674 2654 ettam
708 2612 923 2655 serebant.
991 2613 1185 2655 Romani
1214 2613 1276 2655 ad
1307 2617 1603 2670 spectaculum

137 2690 438 2732 consederunt.
510 2691 727 2748 Explerit
773 2694 1016 2735 orationem
1062 2703 1106 2735 et
1150 2695 1411 2736 sententiam
1457 2696 1600 2737 codex

134 2764 504 2827 Bambergensis3
535 2772 610 2813 sed
638 2787 769 2829 quum
795 2774 839 2814 in
871 2788 924 2814 eo
957 2772 1107 2826 verba,
1134 2782 1181 2815 ut
1210 2772 1261 2815 fit
1285 2776 1330 2816 in
1362 2774 1599 2825 codicibus,

134 2861 271 2902 prave
303 2847 508 2894 distincta
540 2862 704 2905 essent,
733 2867 863 2896 nemo
897 2868 957 2896 ex
991 2854 1064 2905 iis,
1105 2854 1178 2910 qui
1209 2862 1310 2911 post
1339 2852 1596 2896 Goellerum
