1821 3309
276 174 345 223 42

209 328 308 355 seo:
337 324 459 368 quem
491 316 536 352 ιθ
568 314 614 351 iu
648 313 743 364 ipsa
770 321 922 364 pugna
935 308 1047 359 fore
1072 311 1316 364 peccamus?
1339 311 1368 362 ¹)
1423 309 1678 364 Conjuncti—

211 404 290 432 vus
335 404 422 431 non
457 390 597 445 magis
631 388 702 430 hie
731 388 906 429 defendi
941 395 1084 443 potest
1115 402 1242 443 quam
1274 389 1317 429 in
1353 388 1545 430 secunda
1581 403 1678 442 per-

207 483 317 511 sona
349 468 392 510 Il
423 469 475 510 de
502 468 537 509 F
540 469 601 510 in.
629 469 709 520 23,
752 468 829 509 76:
873 480 995 522 quem
1030 467 1259 508 clamorem
1293 491 1340 499 --
1361 465 1572 517 futurum
1594 481 1679 522 pu—

206 549 307 589 les?
353 545 453 603 [ubi
494 561 609 588 nune
653 546 850 602 quaedam
893 545 1116 586 adnotavi.
1187 546 1388 587 Praesens
1423 560 1499 601 pro
1531 546 1678 587 futuro

204 627 376 667 restitui
409 639 469 666 ex
500 626 676 681 optimis
708 623 930 666 codicibus
975 625 1018 665 in
1053 622 1149 665 Cat.
1180 623 1288 665 Mai.
1317 627 1360 675 9,
1394 624 1471 666 29:
1524 637 1584 665 cm
1623 637 1678 665 ne

206 717 282 745 eas
313 703 485 759 quidem
515 707 631 744 vires
661 704 946 757 relinquimus
972 706 1189 744 senectute·
1218 702 1323 759 etc.]

319 781 427 838 Cap.
443 782 514 832 20,
542 783 613 832 47,
649 779 722 820 ubi
754 794 868 821 nunc
899 779 1087 835 legitur:
1118 784 1160 822 εἰ
1194 785 1320 821 canta
1352 780 1467 822 bella
1485 782 1677 836 legisset,

206 866 374 917 quwzla
416 863 557 915 gessit
598 864 642 900 et
681 858 899 909 confecit,
958 861 1002 898 si
1037 863 1103 898 tot
1147 858 1395 900 consulibus
1436 863 1675 908 meruisset,

205 943 375 995 quoties
400 942 493 994 ipse
525 938 679 979 consul
692 936 878 987 fecisset,
909 937 1098 991 primum
1129 951 1152 976 e
1183 937 1278 978 eod.
1309 937 1407 978 Par.
1438 939 1675 993 scriptura:

205 1022 371 1073 quanta
401 1016 516 1057 bella
547 1021 592 1057 et
613 1019 755 1071 gessit
785 1021 826 1055 ec
855 1014 1048 1065 confecit
1078 1015 1296 1070 duplicem
1327 1017 1674 1057 coniunctionem

208 1095 479 1138 retinendam
516 1103 648 1151 pu103
687 1095 867 1150 gravius
895 1094 1224 1149 distinguuntur
1261 1096 1488 1142 notiones,
1524 1102 1571 1133 ut
1596 1094 1676 1134 sit:

206 1188 292 1215 non
314 1173 456 1215 solum
473 1175 627 1229 gessit,
658 1173 734 1213 sed
767 1173 978 1220 confec-in
1012 1173 1168 1213 deinde
1200 1173 1293 1213 iure
1328 1173 1557 1213 offendunt
1585 1172 1675 1212 edi-

204 1260 322 1294 tores
351 1254 396 1293 in
427 1251 508 1292 hac
539 1251 866 1307 inaequalitate,
895 1254 1058 1307 gessit,
1091 1249 1515 1302 coyffece't‚‚fm'sset.
1586 1249 1675 1298 Qui

205 1339 352 1372 autem
393 1328 671 1370 librariorum
719 1344 883 1370 morem
931 1331 1082 1381 novit,
1140 1329 1340 1370 dubitare
1386 1344 1472 1370 non
1513 1336 1674 1384 potest,

204 1410 333 1466 quin,
377 1421 472 1463 quae
501 1406 702 1448 Abi-anxii
738 1408 820 1449 fuit
851 1409 1124 1457 coniectura,
1165 1407 1218 1448 ab
1249 1407 1339 1448 illis
1371 1408 1674 1448 coniunctivus

202 1487 425 1543 profectus
456 1486 528 1536 sit,
560 1499 647 1526 non
677 1485 941 1527 indicativus
987 1486 1083 1540 (cfr.
1114 1500 1246 1541 supra
1276 1486 1328 1526 ad
1362 1499 1400 1527 c.
1434 1484 1487 1526 14
1519 1499 1559 1540 p.
1585 1485 1672 1538 34).

203 1566 415 1620 Syntaxis
448 1563 699 1617 postulabat
733 1565 1059 1605 coniunctivuin
1091 1565 1135 1604 in
1169 1564 1388 1605 reddenda
1421 1562 1554 1604 Marii
1577 1577 1674 1604 ora-

200 1645 345 1692 tione;
375 1643 451 1684 sed
482 1645 676 1697 peritura
707 1652 800 1683 erat
834 1643 1052 1683 contraria
1084 1642 1243 1683 relatio
1274 1644 1340 1684 rei
1371 1640 1484 1683 fictae
1522 1650 1566 1683 et
1599 1655 1673 1682 ve-

202 1736 286 1771 rae,
319 1735 413 1776 quae
449 1728 591 1771 esset,
625 1721 662 1760 si
690 1721 783 1775 ipse
815 1720 985 1761 Marius
1016 1719 1296 1775 loqueretur:
1327 1725 1369 1762 si
1399 1726 1526 1761 tanta
1558 1719 1673 1760 bella

201 1800 416 1854 legissem,
449 1804 613 1852 quanta
639 1802 772 1853 gessi.
855 1797 1008 1853 Itaque
1041 1806 1088 1838 ut
1118 1798 1210 1838 haec
1237 1807 1516 1847 servaretur,
1547 1796 1672 1839 Cice-

199 1892 274 1929 ro,
303 1886 509 1932 tanquam
541 1891 599 1917 ex
634 1891 713 1917 sua
745 1890 957 1932 persona,
995 1876 1259 1917 indicativos
1291 1878 1437 1932 posuit
1463 1877 1593 1916 etiam
1627 1876 1671 1917 in

199 1955 378 2011 obliqua
395 1957 608 1997 oratione.
675 1955 761 1997 Sed
799 1954 889 1995 haec
915 1969 1053 2009 parva
1082 1964 1210 2003 sunt3
1239 1954 1349 1995 illud
1368 1956 1526 2004 maius,
1556 1955 1672 2010 quod

199 2049 380 2091 gravem
412 2033 787 2086 perturbationem
826 2033 1037 2073 orationis
1074 2032 1374 2074 Ciceronianae
1406 2034 1450 2073 in
1484 2032 1567 2074 hoc
1602 2046 1672 2074 ca-

199 2114 288 2168 pite
319 2112 529 2153 accidisse
559 2114 603 2153 in
635 2112 714 2153 illo
751 2113 913 2162 codice,
945 2125 1003 2152 ex
1034 2126 1119 2166 quo
1153 2113 1290 2152 nostri
1321 2113 1404 2151 orti
1435 2119 1552 2162 sunt,
1593 2111 1670 2151 do-

200 2193 289 2233 ceri
318 2198 476 2246 potest.
553 2189 665 2232 Nam
700 2194 723 2242 ᾖ
755 2192 812 2231 46
859 2189 1013 2231 Cicero
1059 2190 1164 2230 dicit
1197 2190 1250 2230 de
1282 2188 1456 2231 Mario:
1504 2188 1555 2230 Is
1583 2191 1670 2243 igi-

198 2275 271 2311 tur
313 2269 384 2310 M.
419 2269 615 2309 Annium
656 2269 875 2323 Appium,
921 2267 1210 2316 fortissimum
1243 2271 1410 2318 virum,
1457 2270 1669 2317 [summa]

199 2351 362 2389 virtute
408 2347 673 2402 proeclicum,
738 2350 921 2388 ce'vc'late
976 2346 1183 2397 douavc'l,
1257 2359 1385 2402 quum
1458 2345 1669 2388 Camerti-

198 2440 297 2468 num
350 2424 521 2475 foedas·
589 2428 907 2466 sanctissimum
933 2440 937 2441 ⁷
978 2430 1109 2480 alque
1176 2427 1465 2479 aequz'sst‘mum
1534 2427 1669 2464 sciret

197 2519 304 2546 esse.
376 2502 500 2545 Nihil
531 2511 756 2559 praeterea.
845 2503 934 2553 Qui
966 2501 1016 2544 fit
1045 2503 1196 2558 igitur,
1239 2510 1286 2543 ut
1315 2501 1486 2544 Marius
1516 2503 1560 2543 in
1593 2501 1666 2542 de-

225 2698 252 2738 ι)
289 2694 495 2728 Diversum
521 2699 603 2736 est,
644 2694 746 2741 quod
773 2694 909 2731 Cicero
936 2695 1046 2730 Tusc.
1077 2697 1117 2737 1,
1157 2697 1204 2728 32
1229 2694 1311 2728 sine
1337 2691 1526 2740 particula
1548 2691 1663 2727 dixit:

295 2755 504 2789 Credamus
541 2757 659 2802 igitur
691 2757 867 2792 Pana-tio
910 2761 980 2789 -5’
1027 2760 1068 2790 ut
1097 2760 1214 2792 essct:
1254 2755 1409 2791 Fierinc
1438 2753 1583 2801 possit,
1622 2758 1665 2787 ut

289 2815 514 2852 credamus?
