1821 3309
305 228 336 277 4

237 384 294 412 ex
326 368 552 423 superiore
587 369 824 419 apparatu,
869 374 964 416 quoe
999 370 1129 402 antea
1160 361 1347 403 fortasse
1383 362 1478 402 iure
1508 373 1695 402 comme-

236 453 521 490 morarentur.
581 442 659 484 sin
690 439 821 482 aliter
851 439 1062 490 fecerint,
1093 453 1293 495 semper,
1328 440 1466 481 donee
1497 437 1699 495 pleniora

236 523 518 573 habebimus,
550 519 826 569 verebimur,
869 533 923 559 ne
954 532 1041 559 non
1074 519 1136 559 ita
1167 533 1333 574 pauca,
1367 531 1463 575 quae
1493 526 1568 559 aut
1599 531 1699 573 pro-

235 604 380 647 banda
410 601 574 645 fuerint
614 606 689 640 aut
734 597 933 638 veritatis
965 597 1157 653 vestigia
1191 605 1234 638 et
1268 596 1523 638 mendorum
1553 593 1698 637 occul-

235 692 379 724 torum
416 679 578 720 indicia
619 675 876 726 habuerint,
926 675 1167 716 editoribus
1221 689 1301 717 nec
1350 674 1577 732 probanda
1618 687 1699 715 nec

238 755 616 802 commemoranda
644 756 742 795 visa
773 754 874 793 sint.
934 752 1062 802 Quod
1094 754 1222 809 quale
1256 755 1328 806 sit,
1357 755 1516 811 partim
1540 754 1585 794 in
1603 766 1700 794 ora-

237 840 356 879 tione
388 834 597 877 Caeliana
630 840 674 873 et
707 831 936 881 Sestiana,
969 830 1043 871 ubi
1081 832 1277 872 codicum
1311 831 1601 873 Bernensium
1632 832 1699 872 in-

238 928 385 972 tegras
416 915 653 968 scripturas
683 924 778 951 cum
811 908 992 963 reliquis
1026 910 1175 960 codd„
1217 911 1414 950 maxime
1445 909 1701 958 Parisiensi,

240 1006 490 1050 comparare
520 998 734 1046 poteram,
765 986 1064 1040 superioribus
1091 986 1461 1042 disputationibus
1491 987 1586 1027 sine
1611 985 1703 1026 ulla

238 1071 553 1116 obtrectatione
594 1068 936 1108 demonstratum
976 1079 1073 1106 esse
1115 1073 1243 1121 puto,
1291 1065 1574 1121 partim'non
1614 1078 1702 1105 una

239 1165 319 1193 nec
359 1147 592 1191 temeraria
633 1145 883 1200 suspicione
923 1145 969 1184 in
1012 1143 1094 1184 hac
1136 1145 1233 1198 ipsa
1277 1145 1475 1185 oratione
1506 1141 1701 1199 patefiet,

241 1231 363 1270 cuius
404 1227 609 1280 deinceps
655 1221 855 1279 singulos
900 1221 1022 1263 locos
1064 1236 1324 1277 persequar,
1378 1223 1424 1262 in
1457 1220 1614 1277 quibus
1647 1219 1703 1262 ab

241 1306 317 1348 illa
344 1305 600 1347 recensione
632 1301 940 1342 discedendum
972 1301 1161 1342 videtur.
1227 1299 1428 1351 Minora,
1459 1301 1513 1341 de
1545 1299 1703 1355 quibus

242 1382 464 1439 explicate
512 1382 596 1422 dici
642 1394 750 1433 opus
793 1394 878 1420 non
921 1388 1011 1429 est,
1057 1381 1260 1436 quoniam
1307 1387 1452 1421 tamen
1499 1379 1701 1420 omittere

240 1460 369 1512 nolo,
399 1462 443 1500 in
475 1460 673 1514 margine
705 1472 860 1512 ponam
883 1458 929 1510 ¹).

352 1537 401 1579 C.
431 1539 473 1588 3,
501 1539 530 1578 6
557 1537 699 1578 minus
728 1544 845 1576 recte
873 1535 1036 1575 editum
1069 1543 1135 1575 est
1166 1549 1223 1575 ex
1253 1535 1402 1576 codice
1429 1532 1702 1574 Erfurtensi:

248 1619 406 1658 Omitto
446 1614 793 1657 iurisdictionem
835 1616 882 1653 in
917 1612 1096 1653 liberam
1133 1617 1357 1654 civitatem
1390 1617 1543 1652 contra
1584 1611 1704 1665 leges

242 1700 502 1747 senatusque
533 1693 747 1741 com-nlla,
778 1689 853 1730 ubi
880 1691 925 1730 in
963 1690 1144 1744 reliquis
1183 1691 1307 1732 codd.
1350 1687 1529 1742 (PAR,
1567 1678 1704 1729 Dres-

242 1772 366 1812 densi
393 1784 564 1825 quoque
593 1777 636 1809 et
666 1768 822 1809 ceteris
846 1781 906 1808 ex
932 1769 1060 1808 tertia
1077 1765 1262 1822 familia)
1283 1776 1364 1818 est,
1381 1775 1429 1807 ut
1447 1764 1584 1820 vulgo
1601 1766 1702 1806 ede-

242 1848 385 1899 batur,
411 1851 459 1889 in
487 1846 627 1888 libera
659 1849 851 1886 civilate-
918 1843 1038 1885 Infra
1071 1859 1106 1885 c.
1132 1847 1176 1894 4,
1203 1847 1244 1897 ’7,
1276 1859 1360 1900 quo
1385 1845 1481 1887 loco
1507 1846 1704 1888 Orellius

243 1928 402 1976 utitur,
455 1923 679 1980 singulare
726 1936 866 1978 genus
905 1931 1270 1964 commemoratur
1311 1937 1542 1965 causarum
1586 1925 1702 1965 inter

242 2002 407 2043 liberos
437 2001 624 2057 populos
655 2009 698 2041 et
720 2002 840 2041 cives
872 1999 1092 2041 Romanos
1125 2001 1178 2041 de
1206 2002 1407 2056 pecuniis
1428 2002 1619 2053 creditis,
1648 2002 1702 2044 de

244 2093 328 2136 quo
370 2093 532 2134 genere
574 2080 770 2133 pecuniae
811 2077 950 2119 multa
991 2077 1168 2133 legibus
1207 2086 1250 2118 et
1294 2077 1423 2120 sctis
1465 2080 1701 2120 constituta

242 2158 379 2210 fuisse
409 2158 570 2197 scimus
600 2155 709 2211 (vid.
741 2170 783 2196 v.
814 2169 849 2196 c.
880 2154 1039 2197 Ascon.
1071 2157 1116 2197 in
1150 2163 1257 2196 orat.
1292 2170 1371 2210 pro
1406 2154 1538 2197 Corn.
1571 2171 1614 2212 p.
1644 2158 1699 2197 91

242 2233 362 2285 ssot„
393 2232 483 2274 Cic.
515 2233 568 2274 ad
599 2233 735 2274 Attio.
766 2233 824 2285 V,
853 2235 922 2285 21,
956 2233 1035 2284 VI,
1065 2236 1106 2285 1,
1134 2234 1194 2286 2),
1238 2241 1368 2289 atque
1398 2235 1444 2274 in
1476 2234 1531 2274 iis
1558 2235 1702 2275 causis

244 2311 398 2353 Cicero
424 2312 627 2352 Pisonem
649 2311 845 2366 iniquum
872 2311 917 2351 in
939 2313 1059 2352 cives
1081 2311 1302 2352 Romanos
1323 2310 1460 2351 fuisse
1491 2312 1705 2366 queritur.

243 2389 341 2431 Hoc
370 2389 467 2430 loco
495 2389 665 2429 crimini
695 2388 847 2428 Pisoni
874 2390 963 2441 dat,
993 2389 1106 2445 quod
1138 2390 1315 2430 omnino
1349 2389 1396 2429 in
1421 2386 1564 2430 libera
1595 2389 1703 2430 civi-

245 2474 349 2517 tate,
380 2479 474 2521 quae
504 2479 606 2507 suas
638 2465 764 2521 leges
798 2469 1163 2523 magistratusque
1194 2465 1376 2508 haberet
1407 2479 1487 2507 nec
1517 2465 1572 2507 ad
1601 2477 1701 2520 pro-

271 2684 303 2727 ¹)
330 2682 493 2718 Codices
528 2684 742 2730 praecipuos
770 2684 972 2720 brevitatis
998 2695 1110 2719 causa
1135 2683 1191 2718 sic
1215 2682 1356 2718 notabo
1372 2708 1383 2724 ,
1426 2686 1470 2716 ut
1494 2682 1531 2717 A
1557 2681 1702 2718 intelli-

337 2747 460 2787 gatur,
499 2743 815 2790 quemadmodum
841 2744 941 2792 apud
967 2743 1170 2786 Orellium,
1204 2741 1411 2778 Bcrnensis
1440 2742 1561 2788 prior,
1585 2742 1617 2777 B
1644 2753 1700 2777 sc-

337 2801 485 2837 cundus
514 2803 678 2848 (nullius
713 2815 781 2850 per
819 2817 859 2841 sc
893 2805 1118 2850 momenti),
1156 2804 1188 2840 Ε
1224 2803 1494 2845 Erfurtensis‚
1528 2801 1571 2840 P.
1597 2801 1701 2838 Pari-

338 2874 484 2898 mensis.
