<?xml version="1.0" encoding="UTF-8"?>
<!DOCTYPE html PUBLIC "-//W3C//DTD XHTML 1.0 Transitional//EN"
    "http://www.w3.org/TR/xhtml1/DTD/xhtml1-transitional.dtd">
<html xmlns="http://www.w3.org/1999/xhtml" xml:lang="en" lang="en">
 <head>
  <title>
</title>
<meta http-equiv="Content-Type" content="text/html;charset=utf-8" />
  <meta name='ocr-system' content='tesseract 3.04.00' />
  <meta name='ocr-capabilities' content='ocr_page ocr_carea ocr_par ocr_line ocrx_word'/>
</head>
<body>
  <div class='ocr_page' id='page_1' title='image "./ionicolaimadvigi02madvuoft_0244.png"; bbox 0 0 1821 3309; ppageno 0'>
   <div class='ocr_carea' id='block_1_1' title="bbox 293 200 391 250">
    <p class='ocr_par' dir='ltr' id='par_1_1' title="bbox 293 200 391 250">
     <span class='ocr_line' id='line_1_1' title="bbox 293 200 391 250; baseline 0 -1"><span class='ocrx_word' id='word_1_1' title='bbox 293 200 391 250; x_wconf 83' lang='lat'><strong>232</strong></span> 
     </span>
    </p>
   </div>
   <div class='ocr_carea' id='block_1_2' title="bbox 224 340 1670 554">
    <p class='ocr_par' dir='ltr' id='par_1_2' title="bbox 224 340 1670 554">
     <span class='ocr_line' id='line_1_2' title="bbox 225 340 1666 397; baseline 0 -15"><span class='ocrx_word' id='word_1_2' title='bbox 225 344 343 382; x_wconf 69' lang='lat' dir='ltr'><strong>non?</strong></span> <span class='ocrx_word' id='word_1_3' title='bbox 374 340 470 382; x_wconf 83' lang='lat' dir='ltr'><strong>Non</strong></span> <span class='ocrx_word' id='word_1_4' title='bbox 500 343 630 396; x_wconf 81' lang='lat' dir='ltr'><strong>igitur</strong></span> <span class='ocrx_word' id='word_1_5' title='bbox 655 341 810 381; x_wconf 84' lang='lat' dir='ltr'><strong>Latine</strong></span> <span class='ocrx_word' id='word_1_6' title='bbox 843 342 1078 396; x_wconf 72' lang='lat' dir='ltr'><strong>scripserit,</strong></span> <span class='ocrx_word' id='word_1_7' title='bbox 1110 343 1181 396; x_wconf 90' lang='lat' dir='ltr'><strong>qui</strong></span> <span class='ocrx_word' id='word_1_8' title='bbox 1210 355 1286 396; x_wconf 90' lang='lat' dir='ltr'><strong>pro</strong></span> <span class='ocrx_word' id='word_1_9' title='bbox 1314 355 1382 391; x_wconf 88' lang='lat' dir='ltr'><strong>eo,</strong></span> <span class='ocrx_word' id='word_1_10' title='bbox 1410 341 1522 396; x_wconf 89' lang='lat' dir='ltr'><strong>quod</strong></span> <span class='ocrx_word' id='word_1_11' title='bbox 1553 341 1666 397; x_wconf 82' lang='lat' dir='ltr'><strong>apud</strong></span> 
     </span>
     <span class='ocr_line' id='line_1_3' title="bbox 225 419 1668 475; baseline 0.001 -15"><span class='ocrx_word' id='word_1_12' title='bbox 225 419 477 460; x_wconf 83' lang='lat' dir='ltr'>Ciceronem</span> <span class='ocrx_word' id='word_1_13' title='bbox 512 429 577 460; x_wconf 81' lang='lat' dir='ltr'><strong>est</strong></span> <span class='ocrx_word' id='word_1_14' title='bbox 604 421 678 472; x_wconf 85' lang='lat' dir='ltr'><strong>(ad</strong></span> <span class='ocrx_word' id='word_1_15' title='bbox 706 421 827 461; x_wconf 86' lang='lat' dir='ltr'><strong>Fam.</strong></span> <span class='ocrx_word' id='word_1_16' title='bbox 858 420 917 470; x_wconf 86' lang='lat' dir='ltr'><strong>ll,</strong></span> <span class='ocrx_word' id='word_1_17' title='bbox 946 421 1020 474; x_wconf 84' lang='lat'><strong>5):</strong></span> <span class='ocrx_word' id='word_1_18' title='bbox 1070 433 1195 460; x_wconf 76' lang='lat' dir='ltr'><strong>mmm</strong></span> <span class='ocrx_word' id='word_1_19' title='bbox 1226 419 1341 460; x_wconf 68' lang='lat' dir='ltr'><em>illud</em></span> <span class='ocrx_word' id='word_1_20' title='bbox 1370 423 1534 469; x_wconf 72' lang='lat' dir='ltr'><strong>nescio,</strong></span> <span class='ocrx_word' id='word_1_21' title='bbox 1561 433 1668 475; x_wconf 77' lang='lat' dir='ltr'><strong>gra-</strong></span> 
     </span>
     <span class='ocr_line' id='line_1_4' title="bbox 224 498 1670 554; baseline -0.001 -15"><span class='ocrx_word' id='word_1_22' title='bbox 224 500 393 540; x_wconf 73' lang='lat' dir='ltr'><strong>tulerne</strong></span> <span class='ocrx_word' id='word_1_23' title='bbox 431 498 515 539; x_wconf 68' lang='lat' dir='ltr'><em>libe·</em></span> <span class='ocrx_word' id='word_1_24' title='bbox 555 513 611 540; x_wconf 77' lang='lat' dir='ltr'><strong>an</strong></span> <span class='ocrx_word' id='word_1_25' title='bbox 650 504 846 550; x_wconf 69' lang='lat' dir='ltr'><strong>linteam,</strong></span> <span class='ocrx_word' id='word_1_26' title='bbox 902 499 1198 540; x_wconf 83' lang='lat' dir='ltr'><strong>substituerit:</strong></span> <span class='ocrx_word' id='word_1_27' title='bbox 1238 512 1335 540; x_wconf 73' lang='lat' dir='ltr'><strong>uum</strong></span> <span class='ocrx_word' id='word_1_28' title='bbox 1373 499 1575 554; x_wconf 75' lang='lat' dir='ltr'><strong>gratuler</strong></span> <span class='ocrx_word' id='word_1_29' title='bbox 1611 511 1670 539; x_wconf 76' lang='lat' dir='ltr'><strong>cm</strong></span> 
     </span>
    </p>
   </div>
   <div class='ocr_carea' id='block_1_3' title="bbox 224 575 1670 711">
    <p class='ocr_par' dir='ltr' id='par_1_3' title="bbox 224 575 1670 711">
     <span class='ocr_line' id='line_1_5' title="bbox 226 575 1670 633; baseline 0.001 -16"><span class='ocrx_word' id='word_1_30' title='bbox 226 582 411 627; x_wconf 68' lang='lat' dir='ltr'><strong>linteam,</strong></span> <span class='ocrx_word' id='word_1_31' title='bbox 443 579 554 633; x_wconf 87' lang='lat' dir='ltr'><strong>quod</strong></span> <span class='ocrx_word' id='word_1_32' title='bbox 588 579 737 619; x_wconf 88' lang='lat' dir='ltr'><strong>eodem</strong></span> <span class='ocrx_word' id='word_1_33' title='bbox 770 579 864 620; x_wconf 92' lang='lat' dir='ltr'><strong>loco</strong></span> <span class='ocrx_word' id='word_1_34' title='bbox 901 578 1031 619; x_wconf 81' lang='lat' dir='ltr'><strong>habet</strong></span> <span class='ocrx_word' id='word_1_35' title='bbox 1061 578 1275 628; x_wconf 88' lang='lat' dir='ltr'><strong>Handius,</strong></span> <span class='ocrx_word' id='word_1_36' title='bbox 1306 576 1498 620; x_wconf 71' lang='lat' dir='ltr'><strong>Turseli,</strong></span> <span class='ocrx_word' id='word_1_37' title='bbox 1529 576 1620 619; x_wconf 87' lang='lat' dir='ltr'><strong>vol.</strong></span> <span class='ocrx_word' id='word_1_38' title='bbox 1651 575 1670 618; x_wconf 83' lang='grc' dir='ltr'>Ι</span> 
     </span>
     <span class='ocr_line' id='line_1_6' title="bbox 224 657 438 711; baseline -0.005 -14"><span class='ocrx_word' id='word_1_39' title='bbox 224 672 265 711; x_wconf 81' lang='lat' dir='ltr'><strong>p.</strong></span> <span class='ocrx_word' id='word_1_40' title='bbox 295 657 438 709; x_wconf 77' lang='lat'><strong>334.¹)</strong></span> 
     </span>
    </p>
   </div>
   <div class='ocr_carea' id='block_1_4' title="bbox 228 785 1672 851">
    <p class='ocr_par' dir='ltr' id='par_1_4' title="bbox 228 785 1672 851">
     <span class='ocr_line' id='line_1_7' title="bbox 228 785 1672 851; baseline -0.001 -18"><span class='ocrx_word' id='word_1_41' title='bbox 228 788 284 834; x_wconf 86' lang='lat' dir='ltr'><strong>V.</strong></span> <span class='ocrx_word' id='word_1_42' title='bbox 359 788 499 848; x_wconf 76' lang='lat' dir='ltr'><strong>Quod</strong></span> <span class='ocrx_word' id='word_1_43' title='bbox 540 804 626 851; x_wconf 85' lang='lat' dir='ltr'><strong>pro</strong></span> <span class='ocrx_word' id='word_1_44' title='bbox 671 789 935 835; x_wconf 78' lang='lat' dir='ltr'><strong>accusativo</strong></span> <span class='ocrx_word' id='word_1_45' title='bbox 972 806 1076 833; x_wconf 82' lang='lat' dir='ltr'><strong>eum</strong></span> <span class='ocrx_word' id='word_1_46' title='bbox 1121 787 1352 834; x_wconf 79' lang='lat' dir='ltr'><strong>infinitivo</strong></span> <span class='ocrx_word' id='word_1_47' title='bbox 1390 785 1515 850; x_wconf 86' lang='lat' dir='ltr'><strong>apud</strong></span> <span class='ocrx_word' id='word_1_48' title='bbox 1552 802 1672 851; x_wconf 85' lang='lat' dir='ltr'><strong>quos</strong></span> 
     </span>
    </p>
   </div>
   <div class='ocr_carea' id='block_1_5' title="bbox 541 879 1416 942">
    <p class='ocr_par' dir='ltr' id='par_1_5' title="bbox 541 879 1416 942">
     <span class='ocr_line' id='line_1_8' title="bbox 541 879 1416 942; baseline 0.005 -18"><span class='ocrx_word' id='word_1_49' title='bbox 541 880 796 941; x_wconf 83' lang='lat' dir='ltr'>scriptores</span> <span class='ocrx_word' id='word_1_50' title='bbox 847 879 1052 942; x_wconf 88' lang='lat' dir='ltr'><strong>positum</strong></span> <span class='ocrx_word' id='word_1_51' title='bbox 1089 879 1363 941; x_wconf 79' lang='lat' dir='ltr'><strong>reperiatur.</strong></span> <span class='ocrx_word' id='word_1_52' title='bbox 1413 925 1416 928; x_wconf 85' lang='lat'>.</span> 
     </span>
    </p>
   </div>
   <div class='ocr_carea' id='block_1_6' title="bbox 230 989 1682 2469">
    <p class='ocr_par' dir='ltr' id='par_1_6' title="bbox 230 989 1682 2469">
     <span class='ocr_line' id='line_1_9' title="bbox 341 989 1672 1047; baseline -0.002 -15"><span class='ocrx_word' id='word_1_53' title='bbox 341 992 448 1042; x_wconf 62' lang='lat' dir='ltr'><strong>Quae</strong></span> <span class='ocrx_word' id='word_1_54' title='bbox 505 994 719 1033; x_wconf 83' lang='lat' dir='ltr'><strong>sententia</strong></span> <span class='ocrx_word' id='word_1_55' title='bbox 760 994 845 1033; x_wconf 81' lang='lat' dir='ltr'><strong>iam</strong></span> <span class='ocrx_word' id='word_1_56' title='bbox 890 991 993 1033; x_wconf 91' lang='lat' dir='ltr'><strong>olim</strong></span> <span class='ocrx_word' id='word_1_57' title='bbox 1038 1001 1244 1047; x_wconf 84' lang='lat' dir='ltr'><strong>patronos</strong></span> <span class='ocrx_word' id='word_1_58' title='bbox 1297 990 1532 1042; x_wconf 80' lang='lat' dir='ltr'><strong>habuerat,</strong></span> <span class='ocrx_word' id='word_1_59' title='bbox 1603 989 1672 1031; x_wconf 88' lang='lat' dir='ltr'><strong>vel</strong></span> 
     </span>
     <span class='ocr_line' id='line_1_10' title="bbox 230 1068 1675 1126; baseline -0.001 -15"><span class='ocrx_word' id='word_1_60' title='bbox 230 1073 400 1126; x_wconf 75' lang='lat' dir='ltr'><strong>optimae</strong></span> <span class='ocrx_word' id='word_1_61' title='bbox 418 1073 556 1111; x_wconf 82' lang='lat' dir='ltr'><strong>aetatis</strong></span> <span class='ocrx_word' id='word_1_62' title='bbox 579 1073 828 1126; x_wconf 81' lang='lat' dir='ltr'><strong>scriptores,</strong></span> <span class='ocrx_word' id='word_1_63' title='bbox 848 1087 945 1112; x_wconf 82' lang='lat' dir='ltr'><strong>raro</strong></span> <span class='ocrx_word' id='word_1_64' title='bbox 968 1074 1158 1122; x_wconf 90' lang='lat' dir='ltr'><strong>omnino,</strong></span> <span class='ocrx_word' id='word_1_65' title='bbox 1183 1071 1256 1112; x_wconf 92' lang='lat' dir='ltr'><strong>sed</strong></span> <span class='ocrx_word' id='word_1_66' title='bbox 1280 1079 1422 1111; x_wconf 82' lang='lat' dir='ltr'><strong>tamen</strong></span> <span class='ocrx_word' id='word_1_67' title='bbox 1443 1068 1675 1125; x_wconf 84' lang='lat' dir='ltr'><strong>aliquando</strong></span> 
     </span>
     <span class='ocr_line' id='line_1_11' title="bbox 231 1149 1675 1205; baseline -0.001 -15"><span class='ocrx_word' id='word_1_68' title='bbox 231 1151 343 1204; x_wconf 66' lang='lat' dir='ltr'><strong>quod</strong></span> <span class='ocrx_word' id='word_1_69' title='bbox 373 1150 629 1205; x_wconf 81' lang='lat' dir='ltr'><strong>particulam</strong></span> <span class='ocrx_word' id='word_1_70' title='bbox 672 1149 886 1191; x_wconf 87' lang='lat' dir='ltr'><strong>subiicere</strong></span> <span class='ocrx_word' id='word_1_71' title='bbox 934 1152 1146 1191; x_wconf 88' lang='lat' dir='ltr'><strong>eiusmodi</strong></span> <span class='ocrx_word' id='word_1_72' title='bbox 1181 1149 1342 1201; x_wconf 89' lang='lat' dir='ltr'><strong>verbis,</strong></span> <span class='ocrx_word' id='word_1_73' title='bbox 1377 1163 1470 1205; x_wconf 86' lang='lat' dir='ltr'><strong>quae</strong></span> <span class='ocrx_word' id='word_1_74' title='bbox 1502 1156 1675 1204; x_wconf 87' lang='lat' dir='ltr'><strong>propter</strong></span> 
     </span>
     <span class='ocr_line' id='line_1_12' title="bbox 230 1229 1674 1285; baseline -0.001 -16"><span class='ocrx_word' id='word_1_75' title='bbox 230 1230 443 1270; x_wconf 82' lang='lat' dir='ltr'><strong>sentiendi</strong></span> <span class='ocrx_word' id='word_1_76' title='bbox 475 1238 548 1270; x_wconf 84' lang='lat' dir='ltr'><strong>aut</strong></span> <span class='ocrx_word' id='word_1_77' title='bbox 581 1229 829 1270; x_wconf 83' lang='lat' dir='ltr'><strong>declarandi</strong></span> <span class='ocrx_word' id='word_1_78' title='bbox 860 1229 1222 1285; x_wconf 82' lang='lat' dir='ltr'><strong>significationem</strong></span> <span class='ocrx_word' id='word_1_79' title='bbox 1255 1229 1550 1270; x_wconf 77' lang='lat' dir='ltr'><strong>accusativum</strong></span> <span class='ocrx_word' id='word_1_80' title='bbox 1579 1241 1674 1268; x_wconf 90' lang='lat' dir='ltr'><strong>cum</strong></span> 
     </span>
     <span class='ocr_line' id='line_1_13' title="bbox 232 1307 1678 1363; baseline -0.001 -15"><span class='ocrx_word' id='word_1_81' title='bbox 232 1307 448 1349; x_wconf 88' lang='lat' dir='ltr'><strong>infinitivo</strong></span> <span class='ocrx_word' id='word_1_82' title='bbox 491 1310 775 1363; x_wconf 84' lang='lat' dir='ltr'><strong>requirerent,</strong></span> <span class='ocrx_word' id='word_1_83' title='bbox 828 1323 877 1348; x_wconf 81' lang='lat' dir='ltr'><strong>ea</strong></span> <span class='ocrx_word' id='word_1_84' title='bbox 923 1323 1051 1362; x_wconf 88' lang='lat' dir='ltr'><strong>quum</strong></span> <span class='ocrx_word' id='word_1_85' title='bbox 1096 1309 1232 1348; x_wconf 84' lang='lat' dir='ltr'><strong>nostri</strong></span> <span class='ocrx_word' id='word_1_86' title='bbox 1268 1322 1437 1362; x_wconf 88' lang='lat' dir='ltr'><strong>quoque</strong></span> <span class='ocrx_word' id='word_1_87' title='bbox 1470 1307 1678 1361; x_wconf 86' lang='lat' dir='ltr'><strong>temporis</strong></span> 
     </span>
     <span class='ocr_line' id='line_1_14' title="bbox 231 1385 1678 1442; baseline -0.001 -15"><span class='ocrx_word' id='word_1_88' title='bbox 231 1388 524 1442; x_wconf 80' lang='lat' dir='ltr'><strong>grammaticis</strong></span> <span class='ocrx_word' id='word_1_89' title='bbox 569 1385 706 1440; x_wconf 88' lang='lat' dir='ltr'><strong>(velut</strong></span> <span class='ocrx_word' id='word_1_90' title='bbox 750 1386 951 1441; x_wconf 86' lang='lat' dir='ltr'><strong>Zumptio</strong></span> <span class='ocrx_word' id='word_1_91' title='bbox 991 1386 1016 1440; x_wconf 83' lang='lat'>§</span> <span class='ocrx_word' id='word_1_92' title='bbox 1057 1389 1153 1437; x_wconf 84' lang='lat'><strong>629,</strong></span> <span class='ocrx_word' id='word_1_93' title='bbox 1194 1385 1484 1426; x_wconf 82' lang='lat' dir='ltr'><strong>Ramshornio</strong></span> <span class='ocrx_word' id='word_1_94' title='bbox 1515 1400 1557 1439; x_wconf 86' lang='lat' dir='ltr'><strong>p.</strong></span> <span class='ocrx_word' id='word_1_95' title='bbox 1593 1386 1678 1426; x_wconf 79' lang='lat'><strong>&#39;743</strong></span> 
     </span>
     <span class='ocr_line' id='line_1_15' title="bbox 232 1464 1679 1520; baseline -0.001 -15"><span class='ocrx_word' id='word_1_96' title='bbox 232 1466 299 1506; x_wconf 85' lang='lat' dir='ltr'><strong>ed.</strong></span> <span class='ocrx_word' id='word_1_97' title='bbox 330 1467 372 1519; x_wconf 80' lang='lat'><strong>2)</strong></span> <span class='ocrx_word' id='word_1_98' title='bbox 404 1480 450 1506; x_wconf 82' lang='lat' dir='ltr'><strong>se</strong></span> <span class='ocrx_word' id='word_1_99' title='bbox 473 1464 739 1520; x_wconf 86' lang='lat' dir='ltr'><strong>probaverit,</strong></span> <span class='ocrx_word' id='word_1_100' title='bbox 770 1479 912 1520; x_wconf 80' lang='lat' dir='ltr'><strong>operae</strong></span> <span class='ocrx_word' id='word_1_101' title='bbox 941 1467 1124 1520; x_wconf 88' lang='lat' dir='ltr'><strong>pretium</strong></span> <span class='ocrx_word' id='word_1_102' title='bbox 1153 1465 1249 1514; x_wconf 88' lang='lat' dir='ltr'><strong>erit,</strong></span> <span class='ocrx_word' id='word_1_103' title='bbox 1281 1472 1511 1519; x_wconf 78' lang='lat' dir='ltr'><strong>antequam</strong></span> <span class='ocrx_word' id='word_1_104' title='bbox 1541 1477 1679 1504; x_wconf 84' lang='lat' dir='ltr'><strong>novas</strong></span> 
     </span>
     <span class='ocr_line' id='line_1_16' title="bbox 233 1543 1679 1600; baseline -0.001 -15"><span class='ocrx_word' id='word_1_105' title='bbox 233 1545 398 1585; x_wconf 81' lang='lat' dir='ltr'><strong>radices</strong></span> <span class='ocrx_word' id='word_1_106' title='bbox 429 1553 531 1599; x_wconf 83' lang='lat' dir='ltr'><strong>agat</strong></span> <span class='ocrx_word' id='word_1_107' title='bbox 573 1543 790 1599; x_wconf 83' lang='lat' dir='ltr'><strong>latiusque</strong></span> <span class='ocrx_word' id='word_1_108' title='bbox 834 1553 1125 1600; x_wconf 79' lang='lat' dir='ltr'><strong>propagetur,</strong></span> <span class='ocrx_word' id='word_1_109' title='bbox 1181 1545 1411 1599; x_wconf 77' lang='lat' dir='ltr'><strong>exquirere</strong></span> <span class='ocrx_word' id='word_1_110' title='bbox 1454 1557 1581 1599; x_wconf 85' lang='lat' dir='ltr'><strong>quam</strong></span> <span class='ocrx_word' id='word_1_111' title='bbox 1623 1543 1679 1583; x_wconf 88' lang='lat' dir='ltr'><strong>sit</strong></span> 
     </span>
     <span class='ocr_line' id='line_1_17' title="bbox 233 1621 1679 1680; baseline -0.001 -17"><span class='ocrx_word' id='word_1_112' title='bbox 233 1638 352 1664; x_wconf 83' lang='lat' dir='ltr'><strong>vera.</strong></span> <span class='ocrx_word' id='word_1_113' title='bbox 395 1623 629 1675; x_wconf 88' lang='lat' dir='ltr'><strong>Locorum,</strong></span> <span class='ocrx_word' id='word_1_114' title='bbox 652 1626 721 1680; x_wconf 88' lang='lat' dir='ltr'><strong>qui</strong></span> <span class='ocrx_word' id='word_1_115' title='bbox 742 1624 978 1664; x_wconf 82' lang='lat' dir='ltr'><strong>testimonii</strong></span> <span class='ocrx_word' id='word_1_116' title='bbox 997 1637 1125 1664; x_wconf 80' lang='lat' dir='ltr'><strong>causa</strong></span> <span class='ocrx_word' id='word_1_117' title='bbox 1144 1621 1459 1673; x_wconf 84' lang='lat' dir='ltr'><strong>adscribuntur,</strong></span> <span class='ocrx_word' id='word_1_118' title='bbox 1480 1636 1679 1678; x_wconf 82' lang='lat' dir='ltr'><strong>magnam</strong></span> 
     </span>
     <span class='ocr_line' id='line_1_18' title="bbox 232 1701 1679 1759; baseline -0.001 -15"><span class='ocrx_word' id='word_1_119' title='bbox 232 1711 396 1754; x_wconf 83' lang='lat' dir='ltr'><strong>partem</strong></span> <span class='ocrx_word' id='word_1_120' title='bbox 430 1702 668 1759; x_wconf 82' lang='lat' dir='ltr'><strong>collegerat</strong></span> <span class='ocrx_word' id='word_1_121' title='bbox 701 1705 765 1744; x_wconf 92' lang='lat' dir='ltr'><strong>vir</strong></span> <span class='ocrx_word' id='word_1_122' title='bbox 797 1704 1000 1759; x_wconf 83' lang='lat' dir='ltr'><strong>egregius</strong></span> <span class='ocrx_word' id='word_1_123' title='bbox 1025 1703 1070 1743; x_wconf 90' lang='lat' dir='ltr'><strong>P.</strong></span> <span class='ocrx_word' id='word_1_124' title='bbox 1094 1701 1318 1742; x_wconf 83' lang='lat' dir='ltr'><strong>Manutius</strong></span> <span class='ocrx_word' id='word_1_125' title='bbox 1347 1702 1399 1742; x_wconf 81' lang='lat' dir='ltr'><strong>ad</strong></span> <span class='ocrx_word' id='word_1_126' title='bbox 1424 1701 1514 1743; x_wconf 84' lang='lat' dir='ltr'><strong>Cic.</strong></span> <span class='ocrx_word' id='word_1_127' title='bbox 1541 1702 1679 1757; x_wconf 86' lang='lat' dir='ltr'><strong>Epist.</strong></span> 
     </span>
     <span class='ocr_line' id='line_1_19' title="bbox 234 1780 1679 1838; baseline -0.001 -15"><span class='ocrx_word' id='word_1_128' title='bbox 234 1783 285 1823; x_wconf 82' lang='lat' dir='ltr'><strong>ad</strong></span> <span class='ocrx_word' id='word_1_129' title='bbox 316 1783 436 1823; x_wconf 84' lang='lat' dir='ltr'><strong>Fam.</strong></span> <span class='ocrx_word' id='word_1_130' title='bbox 470 1782 573 1833; x_wconf 84' lang='lat' dir='ltr'><strong>VII,</strong></span> <span class='ocrx_word' id='word_1_131' title='bbox 604 1784 674 1834; x_wconf 74' lang='lat'><strong>28,</strong></span> <span class='ocrx_word' id='word_1_132' title='bbox 707 1784 779 1838; x_wconf 85' lang='lat' dir='ltr'><strong>qni</strong></span> <span class='ocrx_word' id='word_1_133' title='bbox 810 1783 921 1838; x_wconf 90' lang='lat' dir='ltr'><strong>quod</strong></span> <span class='ocrx_word' id='word_1_134' title='bbox 954 1784 1093 1822; x_wconf 85' lang='lat' dir='ltr'><strong>minus</strong></span> <span class='ocrx_word' id='word_1_135' title='bbox 1125 1780 1343 1821; x_wconf 86' lang='lat' dir='ltr'><strong>subtiliter</strong></span> <span class='ocrx_word' id='word_1_136' title='bbox 1375 1795 1538 1836; x_wconf 85' lang='lat' dir='ltr'><strong>genera</strong></span> <span class='ocrx_word' id='word_1_137' title='bbox 1565 1795 1679 1836; x_wconf 87' lang='lat' dir='ltr'><strong>quae-</strong></span> 
     </span>
     <span class='ocr_line' id='line_1_20' title="bbox 234 1858 1676 1916; baseline -0.001 -15"><span class='ocrx_word' id='word_1_138' title='bbox 234 1862 328 1901; x_wconf 85' lang='lat' dir='ltr'><strong>dam</strong></span> <span class='ocrx_word' id='word_1_139' title='bbox 368 1861 573 1916; x_wconf 87' lang='lat' dir='ltr'><strong>loquendi</strong></span> <span class='ocrx_word' id='word_1_140' title='bbox 619 1860 888 1916; x_wconf 84' lang='lat' dir='ltr'><strong>aliquantum</strong></span> <span class='ocrx_word' id='word_1_141' title='bbox 939 1862 1111 1902; x_wconf 81' lang='lat' dir='ltr'><strong>diversa</strong></span> <span class='ocrx_word' id='word_1_142' title='bbox 1154 1861 1343 1900; x_wconf 83' lang='lat' dir='ltr'><strong>secrevit</strong></span> <span class='ocrx_word' id='word_1_143' title='bbox 1382 1858 1676 1914; x_wconf 84' lang='lat' dir='ltr'><strong>nonnullaque</strong></span> 
     </span>
     <span class='ocr_line' id='line_1_21' title="bbox 235 1937 1678 1996; baseline -0.001 -15"><span class='ocrx_word' id='word_1_144' title='bbox 235 1940 438 1996; x_wconf 82' lang='lat' dir='ltr'><strong>exempla</strong></span> <span class='ocrx_word' id='word_1_145' title='bbox 468 1954 641 1993; x_wconf 85' lang='lat' dir='ltr'><strong>prorsus</strong></span> <span class='ocrx_word' id='word_1_146' title='bbox 674 1941 725 1981; x_wconf 81' lang='lat' dir='ltr'><strong>ad</strong></span> <span class='ocrx_word' id='word_1_147' title='bbox 754 1955 843 1981; x_wconf 86' lang='lat' dir='ltr'><strong>rem</strong></span> <span class='ocrx_word' id='word_1_148' title='bbox 877 1955 960 1981; x_wconf 91' lang='lat' dir='ltr'><strong>non</strong></span> <span class='ocrx_word' id='word_1_149' title='bbox 992 1940 1253 1995; x_wconf 84' lang='lat' dir='ltr'><strong>pertinentia</strong></span> <span class='ocrx_word' id='word_1_150' title='bbox 1281 1939 1439 1979; x_wconf 86' lang='lat' dir='ltr'><strong>adiecit</strong></span> <span class='ocrx_word' id='word_1_151' title='bbox 1468 1939 1533 1992; x_wconf 89' lang='lat' dir='ltr'><strong>(ut.</strong></span> <span class='ocrx_word' id='word_1_152' title='bbox 1564 1937 1678 1980; x_wconf 81' lang='lat' dir='ltr'>XIII</span> 
     </span>
     <span class='ocr_line' id='line_1_22' title="bbox 235 2017 1678 2074; baseline -0.002 -13"><span class='ocrx_word' id='word_1_153' title='bbox 235 2020 286 2061; x_wconf 85' lang='lat' dir='ltr'><strong>ad</strong></span> <span class='ocrx_word' id='word_1_154' title='bbox 320 2021 438 2061; x_wconf 83' lang='lat' dir='ltr'><strong>Fam.</strong></span> <span class='ocrx_word' id='word_1_155' title='bbox 472 2021 553 2059; x_wconf 76' lang='lat'><strong>40:</strong></span> <span class='ocrx_word' id='word_1_156' title='bbox 590 2020 703 2074; x_wconf 79' lang='lat' dir='ltr'><strong>quod</strong></span> <span class='ocrx_word' id='word_1_157' title='bbox 737 2024 825 2060; x_wconf 70' lang='lat' dir='ltr'><strong>scio</strong></span> <span class='ocrx_word' id='word_1_158' title='bbox 869 2020 1024 2060; x_wconf 73' lang='lat' dir='ltr'><strong>mullas</strong></span> <span class='ocrx_word' id='word_1_159' title='bbox 1064 2019 1270 2065; x_wconf 73' lang='lat' dir='ltr'><strong>valuisse,</strong></span> <span class='ocrx_word' id='word_1_160' title='bbox 1317 2017 1368 2058; x_wconf 86' lang='lat' dir='ltr'><strong>de</strong></span> <span class='ocrx_word' id='word_1_161' title='bbox 1403 2032 1487 2073; x_wconf 89' lang='lat' dir='ltr'><strong>quo</strong></span> <span class='ocrx_word' id='word_1_162' title='bbox 1518 2032 1678 2073; x_wconf 88' lang='lat' dir='ltr'><strong>genere</strong></span> 
     </span>
     <span class='ocr_line' id='line_1_23' title="bbox 237 2097 1682 2153; baseline -0.002 -14"><span class='ocrx_word' id='word_1_163' title='bbox 237 2100 350 2139; x_wconf 77' lang='lat' dir='ltr'><strong>dixit</strong></span> <span class='ocrx_word' id='word_1_164' title='bbox 370 2101 463 2153; x_wconf 84' lang='lat' dir='ltr'><strong>ipse</strong></span> <span class='ocrx_word' id='word_1_165' title='bbox 488 2098 595 2139; x_wconf 84' lang='lat' dir='ltr'><strong>alibi</strong></span> <span class='ocrx_word' id='word_1_166' title='bbox 620 2099 770 2152; x_wconf 88' lang='lat' dir='ltr'><strong>recte),</strong></span> <span class='ocrx_word' id='word_1_167' title='bbox 795 2097 936 2139; x_wconf 83' lang='lat' dir='ltr'><strong>facilis</strong></span> <span class='ocrx_word' id='word_1_168' title='bbox 960 2107 1024 2138; x_wconf 82' lang='lat' dir='ltr'><strong>est</strong></span> <span class='ocrx_word' id='word_1_169' title='bbox 1048 2099 1174 2138; x_wconf 80' lang='lat' dir='ltr'><strong>venia</strong></span> <span class='ocrx_word' id='word_1_170' title='bbox 1200 2112 1249 2138; x_wconf 86' lang='lat' dir='ltr'><strong>ac</strong></span> <span class='ocrx_word' id='word_1_171' title='bbox 1273 2106 1424 2152; x_wconf 84' lang='lat' dir='ltr'><strong>parata</strong></span> <span class='ocrx_word' id='word_1_172' title='bbox 1443 2105 1485 2136; x_wconf 83' lang='lat' dir='ltr'><strong>et</strong></span> <span class='ocrx_word' id='word_1_173' title='bbox 1506 2105 1682 2152; x_wconf 87' lang='lat' dir='ltr'><strong>propter</strong></span> 
     </span>
     <span class='ocr_line' id='line_1_24' title="bbox 239 2173 1680 2233; baseline -0.003 -16"><span class='ocrx_word' id='word_1_174' title='bbox 239 2187 405 2232; x_wconf 86' lang='lat' dir='ltr'><strong>tempus</strong></span> <span class='ocrx_word' id='word_1_175' title='bbox 435 2186 476 2217; x_wconf 89' lang='lat' dir='ltr'><strong>et</strong></span> <span class='ocrx_word' id='word_1_176' title='bbox 506 2186 681 2233; x_wconf 85' lang='lat' dir='ltr'><strong>propter</strong></span> <span class='ocrx_word' id='word_1_177' title='bbox 713 2186 855 2218; x_wconf 79' lang='lat' dir='ltr'><strong>cetera</strong></span> <span class='ocrx_word' id='word_1_178' title='bbox 886 2178 1052 2216; x_wconf 81' lang='lat' dir='ltr'><strong>merita.</strong></span> <span class='ocrx_word' id='word_1_179' title='bbox 1111 2175 1165 2215; x_wconf 89' lang='lat' dir='ltr'><strong>Et</strong></span> <span class='ocrx_word' id='word_1_180' title='bbox 1200 2184 1340 2215; x_wconf 83' lang='lat' dir='ltr'><strong>tamen</strong></span> <span class='ocrx_word' id='word_1_181' title='bbox 1373 2173 1508 2214; x_wconf 85' lang='lat' dir='ltr'><strong>multo</strong></span> <span class='ocrx_word' id='word_1_182' title='bbox 1538 2175 1680 2214; x_wconf 83' lang='lat' dir='ltr'><strong>minus</strong></span> 
     </span>
     <span class='ocr_line' id='line_1_25' title="bbox 240 2252 1679 2312; baseline -0.003 -16"><span class='ocrx_word' id='word_1_183' title='bbox 240 2257 350 2312; x_wconf 75' lang='lat' dir='ltr'><strong>‘ap-ud</strong></span> <span class='ocrx_word' id='word_1_184' title='bbox 382 2256 493 2296; x_wconf 89' lang='lat' dir='ltr'><strong>huuc</strong></span> <span class='ocrx_word' id='word_1_185' title='bbox 533 2258 693 2296; x_wconf 80' lang='lat' dir='ltr'><strong>erroris</strong></span> <span class='ocrx_word' id='word_1_186' title='bbox 738 2264 779 2295; x_wconf 89' lang='lat' dir='ltr'><strong>et</strong></span> <span class='ocrx_word' id='word_1_187' title='bbox 824 2256 1090 2295; x_wconf 83' lang='lat' dir='ltr'><strong>confusionis</strong></span> <span class='ocrx_word' id='word_1_188' title='bbox 1139 2267 1235 2293; x_wconf 89' lang='lat' dir='ltr'><strong>esse</strong></span> <span class='ocrx_word' id='word_1_189' title='bbox 1277 2267 1403 2308; x_wconf 88' lang='lat' dir='ltr'><strong>quam</strong></span> <span class='ocrx_word' id='word_1_190' title='bbox 1447 2252 1560 2306; x_wconf 84' lang='lat' dir='ltr'><strong>apud</strong></span> <span class='ocrx_word' id='word_1_191' title='bbox 1591 2266 1679 2299; x_wconf 69' lang='lat' dir='ltr'><strong>eos,</strong></span> 
     </span>
     <span class='ocr_line' id='line_1_26' title="bbox 240 2330 1680 2391; baseline -0.001 -17"><span class='ocrx_word' id='word_1_192' title='bbox 240 2338 311 2391; x_wconf 84' lang='lat' dir='ltr'><strong>qui</strong></span> <span class='ocrx_word' id='word_1_193' title='bbox 342 2344 492 2390; x_wconf 79' lang='lat' dir='ltr'><strong>postea</strong></span> <span class='ocrx_word' id='word_1_194' title='bbox 522 2336 866 2375; x_wconf 85' lang='lat' dir='ltr'><strong>testimoniorum</strong></span> <span class='ocrx_word' id='word_1_195' title='bbox 894 2335 1060 2389; x_wconf 80' lang='lat' dir='ltr'><strong>copiam</strong></span> <span class='ocrx_word' id='word_1_196' title='bbox 1086 2347 1246 2387; x_wconf 76' lang='lat' dir='ltr'><strong>augere</strong></span> <span class='ocrx_word' id='word_1_197' title='bbox 1273 2330 1503 2372; x_wconf 77' lang='lat' dir='ltr'><strong>voluerunt</strong></span> <span class='ocrx_word' id='word_1_198' title='bbox 1534 2339 1680 2372; x_wconf 87' lang='lat' dir='ltr'><strong>aucto-</strong></span> 
     </span>
     <span class='ocr_line' id='line_1_27' title="bbox 243 2408 1682 2469; baseline -0.002 -16"><span class='ocrx_word' id='word_1_199' title='bbox 243 2429 393 2469; x_wconf 81' lang='lat' dir='ltr'><strong>resque</strong></span> <span class='ocrx_word' id='word_1_200' title='bbox 434 2416 658 2454; x_wconf 67' lang='lat' dir='ltr'><strong>sententito</strong></span> <span class='ocrx_word' id='word_1_201' title='bbox 701 2422 741 2454; x_wconf 85' lang='lat' dir='ltr'><strong>et</strong></span> <span class='ocrx_word' id='word_1_202' title='bbox 785 2414 1032 2454; x_wconf 81' lang='lat' dir='ltr'><strong>defensores</strong></span> <span class='ocrx_word' id='word_1_203' title='bbox 1075 2412 1195 2451; x_wconf 81' lang='lat' dir='ltr'><strong>citari</strong></span> <span class='ocrx_word' id='word_1_204' title='bbox 1241 2409 1407 2460; x_wconf 86' lang='lat' dir='ltr'><strong>solent,</strong></span> <span class='ocrx_word' id='word_1_205' title='bbox 1450 2408 1682 2466; x_wconf 80' lang='lat' dir='ltr'><strong>intelliget,</strong></span> 
     </span>
    </p>
   </div>
   <div class='ocr_carea' id='block_1_7' title="bbox 271 2574 1684 2929">
    <p class='ocr_par' dir='ltr' id='par_1_7' title="bbox 271 2574 1684 2929">
     <span class='ocr_line' id='line_1_28' title="bbox 271 2574 1681 2622; baseline -0.003 -11"><span class='ocrx_word' id='word_1_206' title='bbox 271 2582 296 2618; x_wconf 76' lang='lat' dir='ltr'><strong>&#39;J</strong></span> <span class='ocrx_word' id='word_1_207' title='bbox 336 2579 464 2622; x_wconf 81' lang='lat' dir='ltr'><strong>[Quod</strong></span> <span class='ocrx_word' id='word_1_208' title='bbox 490 2580 528 2612; x_wconf 80' lang='lat' dir='ltr'><strong>in</strong></span> <span class='ocrx_word' id='word_1_209' title='bbox 550 2577 658 2612; x_wconf 77' lang='lat' dir='ltr'><strong>Rhct.</strong></span> <span class='ocrx_word' id='word_1_210' title='bbox 684 2577 729 2611; x_wconf 73' lang='lat' dir='ltr'><strong>nd</strong></span> <span class='ocrx_word' id='word_1_211' title='bbox 751 2578 917 2612; x_wconf 84' lang='lat' dir='ltr'><strong>llcrenn.</strong></span> <span class='ocrx_word' id='word_1_212' title='bbox 944 2576 991 2615; x_wconf 86' lang='lat' dir='ltr'><strong>ll,</strong></span> <span class='ocrx_word' id='word_1_213' title='bbox 1015 2579 1068 2615; x_wconf 71' lang='lat'><strong>16‚</strong></span> <span class='ocrx_word' id='word_1_214' title='bbox 1092 2579 1137 2608; x_wconf 84' lang='lat'><strong>23</strong></span> <span class='ocrx_word' id='word_1_215' title='bbox 1160 2574 1322 2620; x_wconf 66' lang='lat' dir='ltr'><strong>legitur-2</strong></span> <span class='ocrx_word' id='word_1_216' title='bbox 1349 2587 1434 2608; x_wconf 84' lang='lat' dir='ltr'><strong>uum</strong></span> <span class='ocrx_word' id='word_1_217' title='bbox 1457 2575 1571 2619; x_wconf 78' lang='lat' dir='ltr'><strong>culpa</strong></span> <span class='ocrx_word' id='word_1_218' title='bbox 1596 2586 1681 2608; x_wconf 81' lang='lat' dir='ltr'><strong>veu-</strong></span> 
     </span>
     <span class='ocr_line' id='line_1_29' title="bbox 334 2635 1683 2682; baseline -0.003 -10"><span class='ocrx_word' id='word_1_219' title='bbox 334 2647 408 2673; x_wconf 72' lang='grc' dir='ltr'><strong><em>ιιιηι</em></strong></span> <span class='ocrx_word' id='word_1_220' title='bbox 433 2642 479 2674; x_wconf 83' lang='lat' dir='ltr'><strong>sil</strong></span> <span class='ocrx_word' id='word_1_221' title='bbox 516 2642 555 2673; x_wconf 76' lang='lat' dir='ltr'><strong>in</strong></span> <span class='ocrx_word' id='word_1_222' title='bbox 580 2641 899 2676; x_wconf 72' lang='lat' dir='ltr'><strong>necessitudinem,</strong></span> <span class='ocrx_word' id='word_1_223' title='bbox 938 2651 1021 2672; x_wconf 79' lang='grc' dir='ltr'><em>ηιιηι</em></span> <span class='ocrx_word' id='word_1_224' title='bbox 1058 2637 1206 2682; x_wconf 79' lang='lat' dir='ltr'><strong>culpam</strong></span> <span class='ocrx_word' id='word_1_225' title='bbox 1239 2637 1418 2670; x_wconf 77' lang='lat' dir='ltr'><strong>veniendi</strong></span> <span class='ocrx_word' id='word_1_226' title='bbox 1450 2635 1683 2670; x_wconf 74' lang='lat' dir='ltr'><strong>necessitudo</strong></span> 
     </span>
     <span class='ocr_line' id='line_1_30' title="bbox 331 2695 1681 2747; baseline -0.001 -14"><span class='ocrx_word' id='word_1_227' title='bbox 331 2701 477 2744; x_wconf 72' lang='lat' dir='ltr'><strong>feccrit,</strong></span> <span class='ocrx_word' id='word_1_228' title='bbox 502 2706 721 2747; x_wconf 73' lang='lat' dir='ltr'><strong>corruptura</strong></span> <span class='ocrx_word' id='word_1_229' title='bbox 748 2713 854 2741; x_wconf 84' lang='lat' dir='ltr'><strong>esse,</strong></span> <span class='ocrx_word' id='word_1_230' title='bbox 879 2713 953 2734; x_wconf 86' lang='lat' dir='ltr'><strong>uon</strong></span> <span class='ocrx_word' id='word_1_231' title='bbox 981 2699 1102 2732; x_wconf 84' lang='lat' dir='ltr'><strong>solum</strong></span> <span class='ocrx_word' id='word_1_232' title='bbox 1127 2697 1313 2744; x_wconf 82' lang='lat' dir='ltr'><strong>particula</strong></span> <span class='ocrx_word' id='word_1_233' title='bbox 1340 2696 1476 2742; x_wconf 78' lang='lat' dir='ltr'><strong>arguit,</strong></span> <span class='ocrx_word' id='word_1_234' title='bbox 1511 2695 1552 2730; x_wconf 86' lang='lat' dir='ltr'><strong>in</strong></span> <span class='ocrx_word' id='word_1_235' title='bbox 1580 2700 1681 2731; x_wconf 64' lang='lat' dir='ltr'><strong>utro&gt;</strong></span> 
     </span>
     <span class='ocr_line' id='line_1_31' title="bbox 336 2757 1682 2807; baseline -0.001 -14"><span class='ocrx_word' id='word_1_236' title='bbox 336 2773 408 2807; x_wconf 82' lang='lat' dir='ltr'><strong>que</strong></span> <span class='ocrx_word' id='word_1_237' title='bbox 442 2762 711 2797; x_wconf 79' lang='lat' dir='ltr'><strong>‹lisiunctionis</strong></span> <span class='ocrx_word' id='word_1_238' title='bbox 746 2763 912 2797; x_wconf 75' lang='lat' dir='ltr'><strong>membro</strong></span> <span class='ocrx_word' id='word_1_239' title='bbox 951 2761 1099 2807; x_wconf 80' lang='lat' dir='ltr'><strong>posita,</strong></span> <span class='ocrx_word' id='word_1_240' title='bbox 1143 2759 1208 2793; x_wconf 85' lang='lat' dir='ltr'><strong>sed</strong></span> <span class='ocrx_word' id='word_1_241' title='bbox 1245 2757 1401 2792; x_wconf 78' lang='lat' dir='ltr'><strong>alterius</strong></span> <span class='ocrx_word' id='word_1_242' title='bbox 1427 2757 1546 2803; x_wconf 80' lang='lat' dir='ltr'><strong>partis</strong></span> <span class='ocrx_word' id='word_1_243' title='bbox 1569 2757 1682 2792; x_wconf 77' lang='lat' dir='ltr'><strong>verba</strong></span> 
     </span>
     <span class='ocr_line' id='line_1_32' title="bbox 337 2820 1684 2869; baseline 0.001 -14"><span class='ocrx_word' id='word_1_244' title='bbox 337 2835 448 2856; x_wconf 71' lang='lat' dir='ltr'><strong>sensu</strong></span> <span class='ocrx_word' id='word_1_245' title='bbox 476 2824 641 2858; x_wconf 76' lang='lat' dir='ltr'><strong>carentia</strong></span> <span class='ocrx_word' id='word_1_246' title='bbox 668 2826 745 2859; x_wconf 77' lang='lat' dir='ltr'><strong>sive</strong></span> <span class='ocrx_word' id='word_1_247' title='bbox 772 2828 916 2869; x_wconf 75' lang='lat' dir='ltr'><strong>culpam</strong></span> <span class='ocrx_word' id='word_1_248' title='bbox 944 2824 1116 2860; x_wconf 70' lang='lat' dir='ltr'><strong>veniendi</strong></span> <span class='ocrx_word' id='word_1_249' title='bbox 1136 2821 1226 2855; x_wconf 28' lang='lat' dir='ltr'><strong>‘sive</strong></span> <span class='ocrx_word' id='word_1_250' title='bbox 1252 2820 1427 2856; x_wconf 75' lang='lat' dir='ltr'><strong>veniendi</strong></span> <span class='ocrx_word' id='word_1_251' title='bbox 1449 2821 1684 2856; x_wconf 70' lang='lat' dir='ltr'><strong>nccessilndv</strong></span> 
     </span>
     <span class='ocr_line' id='line_1_33' title="bbox 340 2885 614 2929; baseline 0 -12"><span class='ocrx_word' id='word_1_252' title='bbox 340 2885 614 2929; x_wconf 70' lang='lat' dir='ltr'><strong>coniungitur.)</strong></span> 
     </span>
    </p>
   </div>
  </div>
 </body>
</html>
