1821 3309
241 183 343 233 296

181 337 293 364 unus
327 324 582 377 imperator,
622 317 699 360 ubi
736 319 774 358 is
804 321 1048 360 contrarius
1080 320 1257 376 ponitur
1289 320 1480 363 hostium
1508 322 1646 378 impe-

181 402 316 443 ratori
346 403 466 452 (nam
501 401 547 440 in
577 411 665 439 non
696 399 849 453 paucis
881 413 935 439 ex
968 400 1023 439 iis
1055 398 1180 449 locis,
1215 400 1289 454 qui
1320 400 1373 440 ad
1407 399 1489 451 lv,
1519 402 1589 452 1⁰,
1623 401 1652 439 6

181 480 359 533 ascripti
399 487 518 529 sunt,
561 492 650 519 non
689 478 784 532 ipse
813 478 1053 533 imperator
1085 476 1220 518 verbo
1252 477 1542 533 significatur,
1575 479 1653 520 sed

181 559 405 609 universe,
454 556 570 613 quod
615 563 758 597 actum
803 564 886 607 est,
941 556 995 597 ad
1038 556 1260 598 Romanos
1299 558 1525 609 refertur),
1571 557 1653 599 hoc

184 645 329 677 tamen
360 635 457 677 loco
489 637 553 676 ita
581 633 777 688 intelligi
809 633 932 675 nullo
965 635 1093 676 modo
1127 644 1286 691 potest,
1316 636 1408 687 ubi,
1435 637 1654 692 expositis

185 715 379 757 consulis
421 714 618 770 imperiis
657 713 978 769 mandatisque,
1023 716 1164 755 oratio
1209 724 1357 768 aperte
1389 716 1433 755 in
1465 714 1543 756 illo
1578 729 1655 756 no-

185 795 302 835 mine
336 794 389 834 ad
422 793 544 834 aliud
578 790 823 833 subiectum
861 792 1122 834 transfertur
1161 794 1234 847 (—-
1264 793 1387 835 iubet
1414 816 1467 825 —
1499 793 1653 834 tradit.

185 871 272 913 He's
314 875 450 926 copies
502 871 693 912 dimissis
740 885 789 912 eo
847 874 1061 912 intentius
1109 872 1321 913 Roman
1335 875 1425 926 us).
1499 871 1653 928 Itaque

183 952 418 991 universus
449 952 676 992 exercitus
706 947 997 1005 significatur,
1032 958 1094 1001 ut,
1124 952 1162 991 si
1196 966 1298 992 vera
1326 952 1541 1007 scriptura
1574 958 1656 1002 est,

184 1027 342 1068 Livius
378 1042 504 1079 eum,
545 1030 618 1084 qui
650 1043 730 1069 sua
763 1030 857 1084 ipse
893 1043 1026 1084 opera
1057 1028 1222 1085 aliquid
1255 1029 1426 1070 efficere
1460 1038 1657 1081 conatur,

184 1109 354 1149 instare
392 1106 441 1146 id
456 1105 574 1156 fieri
602 1107 773 1147 dixisse
810 1107 1029 1161 putandus
1062 1109 1134 1157 sit,
1168 1109 1281 1163 quod
1314 1109 1445 1149 etiam
1477 1123 1657 1163 perver-

187 1186 279 1226 sius
314 1193 393 1225 est.
453 1185 540 1226 Sed
582 1199 669 1225 non
703 1183 847 1225 solum
883 1187 1039 1235 oratio,
1072 1200 1222 1226 verum
1258 1187 1388 1227 etiam
1419 1201 1490 1227 res
1521 1201 1658 1242 prava

187 1273 268 1303 est.
324 1262 529 1304 Nondum
562 1264 677 1302 enim
711 1277 866 1318 reapse
901 1265 1114 1303 stationes
1155 1263 1447 1305 Macedonum
1493 1279 1540 1306 se
1583 1279 1659 1306 ca-

188 1351 339 1396 pturos
386 1340 621 1389 Quinctius
653 1349 695 1380 et
725 1340 913 1382 Romani
948 1340 1186 1396 sperabant
1241 1351 1316 1382 aut
1357 1357 1511 1397 capere
1552 1357 1656 1384 vere

187 1418 455 1468 nitebantur,
492 1418 568 1459 sed
601 1418 752 1459 hostes
781 1417 1059 1460 lacessebant
1090 1435 1115 1460 a
1145 1420 1290 1461 fronte
1322 1419 1412 1474 (ubi
1445 1422 1658 1462 stationes

188 1498 329 1551 erant)
362 1495 702 1552 detinebantque
733 1499 846 1539 acris
877 1497 1035 1553 proelii
1063 1500 1226 1554 specie,
1257 1513 1310 1539 ne
1341 1501 1660 1544 circumeuntes

186 1575 310 1625 illos,
341 1589 449 1631 quos
476 1583 624 1630 pastor
650 1574 853 1626 ducebat,
886 1576 1314 1627 animadverterent3
1349 1592 1496 1618 veram
1525 1592 1661 1633 oppu-

188 1655 443 1710 gnationem
483 1663 573 1694 tum
617 1656 832 1709 coepisse,
872 1668 1004 1710 quum
1046 1653 1113 1695 illi
1161 1656 1206 1695 in
1247 1657 1457 1696 verticem
1500 1657 1660 1697 montis

186 1733 511 1787 pervenissent,
552 1731 711 1773 Livius
753 1734 971 1788 proximis
1016 1731 1165 1774 verbis
1200 1733 1303 1774 dicit
1335 1735 1389 1787 (c.
1425 1734 1518 1788 12):
1549 1740 1658 1776 tum

189 1824 348 1860 vero,
389 1809 615 1860 lrffariam
657 1811 813 1852 divisis·
854 1814 1017 1865 copiis,
1061 1812 1216 1852 consul
1254 1817 1355 1853 cett.
1413 1811 1521 1863 His,
1564 1826 1659 1868 quae

190 1890 397 1943 exposui,
431 1887 609 1929 latentis
655 1889 801 1930 mendi
845 1887 1021 1930 indiciis
1073 1889 1240 1931 accedit
1292 1888 1491 1943 praeclari
1540 1889 1661 1931 illius

190 1967 353 2007 codicis
384 1964 728 2021 Bambergensis
768 1969 1083 2018 testimonium,
1123 1969 1168 2008 in
1206 1982 1290 2023 quo
1324 1969 1531 2023 scriptum
1573 1976 1663 2010 est:

189 2047 327 2085 instat
359 2048 481 2098 capit
511 2048 738 2086 stationes.
802 2045 960 2088 Livius
991 2047 1250 2100 scripserat:
1283 2046 1506 2087 Romanus
1533 2046 1662 2087 undi-

190 2134 274 2176 que
303 2125 440 2161 instat
466 2128 601 2175 aput
618 2127 844 2165 stationes.
902 2123 978 2164 Ex
1003 2123 1084 2164 hac
1106 2125 1320 2179 scriptura
1344 2124 1488 2179 (aput)
1514 2124 1662 2166 mendi

189 2199 316 2254 origo
346 2206 540 2254 apparet.
691 2193 707 2209 ⁹
