1821 3309
209 207 300 272 ‘16

167 363 351 411 melius,
400 367 541 401 ortum
577 357 711 399 simili
744 356 1006 400 emendandi
1038 364 1224 411 conatu,
1269 356 1385 413 quod
1419 359 1634 414 interpre-

166 450 281 484 tatur
311 439 566 490 Ernestius,
597 437 657 479 ad
686 451 779 478 eam
813 436 959 478 urbem
991 435 1287 491 occupandam
1319 440 1417 478 isse.
1475 435 1632 493 Neque

164 525 231 562 ire
273 523 527 573 occupatam
571 516 717 559 arbem
764 516 922 558 dicitur
966 516 1018 557 de
1051 530 1130 567 eo,
1176 516 1252 572 qui
1281 514 1336 557 ab
1369 517 1635 572 imperatore

167 600 353 641 mittitur
397 596 546 652 aliquo
591 595 723 651 (alius
768 604 834 637 est
876 596 1024 652 supini
1062 594 1185 636 illius
1215 609 1321 636 usus
1352 609 1448 637 cum
1483 594 1635 647 verbo,

168 677 282 734 quod
317 684 382 717 est
412 679 503 726 ire,
537 675 780 728 conjuncti,
817 683 866 716 ut
899 690 1031 731 quum
1061 674 1198 735 ullam
1233 677 1301 715 ire
1330 674 1529 727 dicitur),
1560 688 1636 715 ne·

168 771 250 812 que
276 754 500 810 possidere
530 753 676 794 urbem
707 762 774 794 est
805 767 1047 808 occupare,
1077 753 1192 809 quod
1222 753 1356 794 miror
1383 752 1635 794 Ernestium

166 834 354 891 probare
396 834 608 889 potuisse.
687 830 976 883 (Garatonius
1024 838 1247 883 comparat
1291 845 1351 872 ex
1394 840 1504 873 orat.
1556 845 1636 887 pro

169 915 297 956 domo
328 913 385 953 42
398 910 556 962 joram
587 914 769 952 armatis·
800 913 991 951 catervis·
1015 908 1270 965 possidere,
1300 909 1345 950 id
1370 916 1437 950 est
1455 939 1467 960 ,
1495 911 1541 950 in
1558 923 1638 950 sua

170 1000 387 1050 potestate
421 989 619 1043 habere).
696 987 790 1030 Nec
820 987 1011 1040 Balbus,
1043 987 1157 1044 quod
1186 989 1295 1028 satis
1327 1001 1388 1028 ex
1421 996 1513 1029 tota
1542 1001 1638 1029 ora-

170 1075 289 1113 tione
339 1075 520 1126 apparet
558 1075 601 1108 et
641 1081 701 1108 ex
737 1066 970 1121 disciplina
1013 1066 1338 1117 Romanorum,
1380 1080 1433 1107 eo
1463 1065 1562 1108 loco
1594 1067 1639 1108 in

170 1149 458 1206 Hispaniensi
519 1145 638 1187 bello
692 1146 796 1196 fuit,
868 1154 915 1186 ut
973 1143 1256 1201 Carthaginis
1305 1145 1640 1201 oppugnationi,

173 1231 380 1271 maximae
423 1225 572 1276 urbis,
625 1223 788 1280 praefici
828 1231 992 1279 posset.
1064 1222 1131 1265 Ne
1161 1223 1299 1265 multo
1334 1223 1507 1279 quidem
1542 1232 1641 1278 post.

172 1311 215 1349 in
248 1306 397 1348 Gallia
424 1304 538 1360 apud
572 1302 789 1345 Caesarem
825 1304 1172 1359 gratiosissimus
1212 1301 1351 1359 legati
1380 1302 1639 1358 dignitatem

173 1387 339 1436 tenuit,
385 1392 432 1424 ut
477 1384 551 1438 qui
593 1384 898 1439 magistratum
939 1380 1108 1423 nullum
1149 1382 1374 1438 gessisset.
1456 1379 1641 1421 Codices

174 1465 278 1505 boni
309 1461 499 1512 habent,
553 1461 585 1502 P
617 1475 710 1502 esse
738 1474 978 1515 possessam
1011 1460 1144 1515 (quod
1193 1468 1259 1500 est
1302 1460 1434 1499 etiam
1469 1459 1515 1498 in
1552 1471 1642 1498 uno

175 1543 285 1596 Ox.)
317 1542 353 1582 Ε
377 1552 616 1596 possessam
651 1552 744 1580 esse
776 1540 890 1593 (cum
916 1552 1003 1579 uno
1033 1540 1139 1579 item
1173 1536 1282 1591 Ox.)
1318 1537 1352 1591 ι)
1428 1535 1545 1577 Hinc
1574 1535 1640 1578 fa-

176 1620 342 1663 cillima
394 1627 437 1660 et
496 1619 741 1660 certissima
803 1618 1054 1658 coniectura
1108 1617 1300 1657 eruitur:
1354 1614 1644 1669 Karthagine

176 1713 267 1741 esse
297 1710 526 1754 opsessam.
611 1696 754 1737 Vetus
785 1695 1005 1737 scribendi
1035 1696 1172 1745 ratio,
1224 1708 1318 1748 quae
1343 1695 1388 1734 in
1420 1693 1513 1735 cod.
1543 1692 1645 1734 Par.

177 1785 386 1833 perpetua
417 1783 482 1816 est
513 1783 556 1816 et
581 1775 664 1815 fuit
692 1776 737 1815 in
769 1773 1032 1828 archetypo,
1076 1786 1279 1813 ⁴errorem
1311 1771 1473 1813 obiecit
1504 1770 1641 1813 libra-

177 1857 271 1906 rio,
315 1862 362 1894 ut
404 1852 512 1894 alibi
557 1853 731 1908 saepius.
800 1851 939 1894 Velut
968 1849 1009 1892 ΙΙ
1039 1850 1092 1891 de
1122 1849 1275 1891 Divin.
1306 1850 1389 1901 56,
1435 1850 1520 1891 115
1564 1864 1644 1905 pro

179 1932 349 1974 obsides
399 1932 484 1972 duo
541 1931 712 1972 codices
767 1929 881 1985 apud
937 1928 1163 1970 Moserum
1214 1926 1378 1968 habent
1431 1928 1645 1983 possides.

180 2011 328 2060 Quum
369 2009 599 2063 Karthago
642 2024 668 2050 a
711 2008 978 2049 Sertorianis
1023 2006 1320 2058 obsideretur,
1365 2004 1552 2048 Balbum
1583 2005 1647 2047 ibi

180 2089 316 2130 fuisse
367 2096 410 2128 et
471 2086 745 2128 obsidionem
803 2085 1014 2127 tolerasse
1073 2083 1229 2126 Cicero
1280 2084 1398 2126 dicit.
1492 2084 1647 2140 Itaque

181 2169 204 2218 ξ
247 2167 277 2206 5
317 2173 433 2206 extr.
486 2166 652 2206 nulllus
716 2163 985 2212 obsidionis,
1056 2165 1222 2205 nullius
1267 2163 1437 2218 proelii
1489 2175 1647 2218 exper-

181 2251 264 2287 tem
312 2241 466 2294 fuisse
495 2244 570 2293 ait,
615 2243 978 2298 quemadmodum
1030 2242 1101 2284 hic
1153 2241 1395 2283 obsidionis
1436 2242 1648 2283 mentioni

182 2321 359 2363 subiicit
399 2320 669 2377 proeliorum
700 2322 983 2362 mentionem.
1014 2321 1052 2370 2)
1151 2311 1154 2313 Α

299 2401 507 2456 Sequitur
539 2399 581 2453 (ἓ
609 2400 677 2453 6):
719 2398 826 2440 Haec
853 2405 955 2440 snut
974 2399 1151 2454 proelia
1195 2397 1419 2439 Cornelii:
1468 2397 1574 2438 talis
1601 2400 1650 2438 iu

184 2478 491 2533 rempublicam
535 2483 726 2518 nostram
757 2476 897 2529 labor,
939 2477 1193 2528 assiduitas,
1238 2476 1479 2526 dimicatio,
1509 2478 1650 2516 virtus

187 2556 324 2610 digna
355 2569 514 2597 summo
556 2559 834 2610 imperatore,
878 2569 974 2610 spes
1004 2569 1084 2610 pro
1114 2556 1329 2610 periculis
1358 2555 1648 2607 proemiorum.

216 2755 245 2798 ¹)
277 2753 343 2790 Or.
369 2764 413 2787 ex
439 2754 473 2787 A
498 2753 647 2800 profert
674 2767 752 2789 esse
776 2766 1044 2799 possessurum.

210 2817 245 2858 ²)
270 2815 372 2849 Ante
406 2814 523 2849 verba
553 2821 596 2849 ut
622 2816 823 2861 Pompeias
850 2816 1079 2850 auctoritate
1104 2812 1185 2848 cod.
1210 2813 1292 2848 Par.
1313 2812 1412 2858 [ΑΒ]
1433 2811 1648 2848 tollendum

282 2880 340 2910 est
366 2882 401 2911 et
415 2891 426 2918 ,-
451 2875 633 2924 asyndeto
661 2875 799 2912 Cicero
824 2887 893 2924 per
918 2881 1041 2911 totum
1065 2875 1193 2911 locum
1218 2874 1358 2910 utitur.
