1867 3324
1451 199 1497 245 V

115 344 210 380 ratio
241 344 380 390 attigit,
413 344 675 391 industriaeque
707 348 743 380 et
775 342 896 379 studio
929 342 1157 379 instrumenti
1188 342 1308 381 critici
1343 353 1389 378 ex
1421 341 1570 389 optimis

117 423 280 459 fontibus
326 424 512 469 augendi,
562 421 789 468 corrigendi,
837 420 1058 467 disponendi
1099 426 1136 457 et
1175 422 1212 457 in
1259 433 1359 458 usum
1411 421 1570 457 vocandi

119 512 255 537 summe
285 501 460 538 laudabili
499 501 670 537 comitem
714 511 754 535 se
791 499 956 535 adiunxit
985 510 1058 535 non
1095 500 1326 536 laudabilem.
1384 500 1470 536 Mihi
1502 501 1574 536 hoc

116 589 264 626 semper
290 581 520 626 propositum
563 580 646 626 fuit,
680 583 719 614 ut
758 583 872 614 artem
903 577 1053 614 efficere
1085 589 1241 614 conarer
1279 589 1324 614 ex
1354 579 1574 614 testimoniis

117 669 244 695 verum
282 658 342 694 via
377 669 420 694 ac
446 659 590 695 ratione
618 657 833 704 exquirendi
862 660 969 703 atque
1003 656 1112 692 etiarn
1141 657 1335 693 obscurata
1366 658 1574 694 testimonia

118 736 329 784 indiciaque
357 737 475 774 libero
503 737 643 784 ingenii
675 740 787 782 motu,
818 739 1016 772 monstrata
1048 740 1084 771 et
1113 735 1260 772 delinita
1291 736 1460 781 regione,
1490 737 1577 773 lon-

121 816 204 862 gius
228 816 488 863 persequeudi,
518 821 592 852 tum
625 816 771 851 inventa
801 815 897 850 notis
925 815 1035 850 certis
1061 815 1410 862 comprehendendi.
1469 815 1578 852 Certa

121 894 165 929 ab
188 894 340 929 incertis
365 895 450 940 quia
481 895 590 930 etiam
613 894 650 930 in
680 894 739 940 iis,
770 905 848 940 qua>
872 894 1093 929 coniecturae
1118 895 1361 941 appellantur,
1393 894 1578 940 discerno,

124 974 244 1009 critici
276 984 408 1008 nomen
438 974 525 1009 mihi
553 973 647 1008 tueri
678 971 837 1018 videor,
868 971 991 1017 itaque
1025 971 1243 1018 simpliciter
1273 976 1309 1008 et
1338 973 1417 1007 sine
1451 973 1580 1008 amba-

123 1052 230 1097 gibus
266 1052 422 1097 affirmo⁷
461 1063 540 1097 quae
571 1050 784 1086 affirmanda
816 1054 926 1096 sunt,
961 1060 1040 1095 quae
1072 1054 1132 1085 aut
1173 1051 1208 1086 in
1240 1051 1422 1097 probabili
1454 1053 1579 1099 suspi-

124 1131 234 1166 cione
275 1130 483 1176 relinquere
524 1140 643 1175 cogor
685 1133 746 1165 aut
777 1133 913 1165 tantum
955 1128 1170 1165 adumbrare
1215 1130 1342 1176 primis
1382 1131 1487 1166 lineis
1522 1135 1583 1167 aut

125 1210 247 1256 aliqua
279 1220 325 1244 ex
355 1213 459 1256 parte
491 1208 690 1244 informare
716 1218 878 1255 possum,
909 1218 989 1243 cum
1021 1208 1092 1244 illis
1119 1219 1190 1244 non
1216 1209 1435 1255 permisceo.
1501 1209 1583 1246 Au·-

125 1287 309 1324 ctoritatis
345 1288 574 1324 confirmatio
609 1287 789 1322 interdum
820 1286 1000 1322 accedere
1032 1291 1159 1333 postea
1192 1292 1338 1335 potest,
1365 1289 1429 1324 sed
1460 1293 1581 1326 tamen

125 1367 156 1403 is
189 1371 245 1403 est
277 1367 336 1403 vel
367 1367 574 1414 praecipuus
623 1365 890 1402 emendationis
937 1366 1150 1401 coniectura
1192 1368 1375 1402 nascentis
1423 1379 1584 1415 campus,

128 1443 205 1490 ubi,
236 1446 384 1492 optimis
411 1450 447 1482 et
472 1445 733 1492 antiquissimis
766 1444 956 1481 codicibus
988 1444 1096 1491 plene
1124 1449 1159 1480 et
1183 1445 1382 1491 diligenter
1407 1447 1585 1493 excussis,

129 1527 168 1560 ut
193 1524 282 1560 nihil
310 1524 345 1559 in
373 1524 438 1560 illo
466 1534 603 1570 genere
632 1524 786 1570 amplius
813 1522 1022 1570 exspectari
1050 1523 1181 1569 possit,
1210 1528 1245 1559 et
1276 1523 1440 1560 mendum
1473 1536 1587 1560 coar-

130 1607 255 1653 guitur
285 1607 321 1639 et
351 1607 451 1638 certa
484 1602 562 1638 veri
594 1601 804 1637 inveniendi
839 1601 976 1637 indicia
1020 1606 1208 1640 eruuntur.
1273 1603 1386 1638 Lusus
1427 1604 1587 1650 pucriles

134 1686 352 1729 inanemque
382 1681 634 1728 imperitorum
667 1683 704 1715 et
733 1680 827 1715 male
858 1678 1067 1715 sedulorum
1094 1681 1335 1717 temeritatem
1366 1682 1492 1717 eadem
1529 1694 1588 1718 ars

131 1776 151 1800 a
182 1760 390 1810 philologia
420 1757 637 1803 removebit,
677 1769 756 1804 quae
786 1757 831 1794 de
863 1758 973 1793 certis
1004 1761 1040 1793 et
1069 1759 1290 1795 necessariis
1320 1760 1593 1798 emendationi-

130 1843 199 1879 bus
254 1839 464 1876 instabilem
517 1836 781 1872 dubitationem
829 1837 1014 1874 excludet.
1101 1837 1214 1874 Soleo
1264 1839 1359 1874 enim
1405 1839 1591 1886 indignari

131 1919 277 1969 (quidni
310 1918 405 1954 enim
448 1914 690 1962 conlitear‘?),
721 1927 794 1951 non
829 1916 945 1952 solum
981 1927 1087 1962 quum
1123 1928 1210 1953 sana
1241 1922 1378 1954 temere
1410 1923 1594 1956 tentantur

133 2003 195 2036 aut
235 1997 429 2033 manifesto
475 2006 588 2042 prava
638 1998 807 2031 contorte
852 1995 1110 2042 defenduntur,
1153 1996 1218 2031 sed
1262 1998 1371 2032 etiam
1418 2010 1524 2045 quum
1556 1999 1592 2035 in

133 2077 314 2114 eiusmodi
347 2075 457 2121 locis,
488 2074 604 2121 qualis
645 2077 701 2109 est
729 2074 805 2120 ille,
847 2078 886 2110 ut
925 2074 996 2109 boc
1029 2075 1258 2121 potissimum
1299 2077 1467 2124 exemplo
1500 2082 1594 2125 utar,

132 2158 170 2194 in
202 2156 369 2192 oratione
400 2165 468 2202 pro
502 2153 624 2189 Sestio
657 2164 687 2188 c.
719 2153 758 2199 7,
791 2153 841 2189 15
873 2153 1032 2198 (Fuerat
1074 2153 1140 2189 ille
1169 2167 1290 2190 ιιηηηε
1325 2157 1400 2192 iam
1433 2157 1472 2191 in
1502 2168 1594 2204 rep„

133 2235 290 2281 iudices,
321 2245 431 2281 quum
454 2234 556 2278 etc.),
584 2232 735 2268 vulnere
759 2232 909 2278 nudato,
932 2232 1191 2269 demonstratis
1217 2220 1385 2271 'codicum
1410 2236 1595 2282 vestigiis,

135 2314 354 2351 emendandi
392 2314 454 2349 via
497 2312 608 2348 certis
649 2311 746 2347 notis
790 2310 965 2358 indicata,
1002 2312 1082 2359 ipsa
1118 2313 1373 2350 emendatione
1406 2315 1594 2351 lenissime

137 2393 318 2440 perfecta,
371 2396 506 2438 tamen,
538 2390 636 2437 quod
665 2390 910 2438 percrebruit,
957 2395 1168 2438 corruptura
1202 2392 1322 2428 locum
1356 2405 1451 2440 esse,
1500 2406 1594 2430 con-

137 2471 266 2507 volant
310 2470 468 2516 undique
496 2473 532 2504 et.
566 2468 684 2504 omnis
724 2469 821 2504 illius
869 2469 1197 2504 demonstrationis
1238 2470 1343 2506 obliti
1385 2475 1524 2507 temere
1563 2477 1599 2508 et

137 2549 217 2585 sine
262 2548 475 2584 discrimine
520 2557 615 2584 nunc
659 2546 754 2592 hoc,
811 2557 906 2582 nunc
958 2546 1050 2582 illud
1090 2547 1270 2595 arripiunt
1311 2554 1348 2585 et
1398 2550 1435 2586 in
1471 2561 1597 2587 omnes

141 2631 266 2676 partes
299 2627 449 2664 iactant.
1100 2680 1102 2682 v

250 2706 337 2750 Quae
369 2705 480 2743 tertio
522 2706 609 2743 loco
639 2705 767 2754 posita
791 2708 848 2740 est
878 2704 1080 2752 disputatio
1111 2705 1156 2741 de
1187 2706 1381 2743 Ciceronis
1417 2708 1520 2744 libris
1551 2709 1596 2745 de

140 2784 286 2831 legibus
319 2784 570 2831 emendandis,
606 2796 686 2820 eam
722 2795 825 2831 paene
857 2784 962 2821 laetor
993 2788 1076 2820 ante
1108 2785 1207 2832 typis
1238 2778 1431 2834 repetitam
1469 2787 1596 2833 fuisse,

143 2874 248 2910 quam
279 2863 364 2900 Iani
396 2861 517 2909 Balcia,
550 2863 594 2901 V.
629 2864 697 2911 CL,
733 2863 847 2900 editio
878 2864 1023 2901 illorum
1054 2864 1230 2901 librorum
1273 2865 1309 2901 in
1343 2877 1466 2903 manus
1499 2877 1598 2903 meas

406 2928 418 2941 ,
