1821 3309
1486 126 1552 174 37

156 261 303 303 batam
333 263 484 306 eodem
519 263 646 306 modo
678 264 934 319 scripturam
977 266 1093 320 (quae
1134 278 1394 321 quamquam
1425 273 1520 307 orta
1556 268 1620 307 vi·-

150 341 278 382 detur
310 342 527 384 vocabulo
562 342 705 384 eladio
736 351 900 383 temere
931 344 1224 397 transposito,
1268 352 1413 385 tamen
1443 358 1620 400 scrupu-

150 419 242 462 lum
271 419 482 475 relinquit
510 422 554 460 in
585 419 633 460 ln·
660 428 734 461 aut
765 419 855 470 his,
887 420 1001 475 quod
1033 422 1344 475 interponitur)
1374 445 1430 453 —
1461 432 1619 478 praeter

148 511 269 548 eam,
303 499 506 553 inquam,
541 497 756 539 haeremus
788 499 831 538 in
866 499 959 553 ipsa
992 500 1237 548 sententia,
1269 512 1364 554 quae
1387 499 1615 542 ridiculam

146 577 542 632 exaggerationem
577 576 739 618 habere
768 577 954 618 videtur.
1026 575 1138 617 Nam
1171 578 1214 617 in
1247 591 1324 628 ea,
1379 591 1473 633 quae
1503 593 1616 619 nunc

146 661 238 704 est,
295 653 529 696 verborum
577 656 885 697 coniunctione
916 656 962 709 (α
993 658 1216 709 principio
1247 660 1321 697 sui
1346 660 1526 710 generis
1560 657 1613 697 ab

144 735 264 774 onmi
289 733 451 786 studio)
487 732 619 775 verba
648 749 675 775 a
700 737 926 789 principio
971 738 1043 775 sm·
1066 738 1245 789 generis
1289 736 1373 775 nisi
1411 735 1463 775 de
1500 743 1613 776 tem-

141 825 247 868 pore
279 811 469 867 intelligi
502 822 748 868 nequeunt,
781 813 1028 867 frustraque
1061 811 1300 853 Abramius
1331 812 1459 854 aliter
1487 828 1613 855 enar-

142 905 239 933 rare
269 900 477 933 conatur:
507 898 549 931 et
580 899 724 931 tamen
756 890 902 932 Gades
929 889 1128 945 pluribus
1164 891 1325 932 seculis
1354 900 1454 932 ante
1474 892 1611 933 fuisse

140 983 268 1025 quam
301 969 487 1010 Romani
520 969 565 1008 in
598 968 856 1021 Hispaniam
889 970 1140 1018 venissent,
1193 981 1246 1008 ne
1279 968 1488 1009 Romanis
1518 972 1611 1024 qui-

139 1048 236 1088 dem
265 1048 462 1103 ignotum
500 1054 609 1087 erat.
679 1045 831 1101 Itaque
858 1044 956 1086 fieri
989 1060 1094 1086 sane
1127 1054 1296 1102 potest,
1354 1056 1400 1087 ut
1444 1049 1486 1087 in
1531 1047 1610 1088 illo

138 1125 187 1167 ki
228 1133 304 1166 aut
348 1123 415 1165 lu's
458 1124 685 1165 eiusmodo
725 1124 866 1165 subsit
898 1125 1128 1176 mendum,
1169 1125 1284 1180 quod
1318 1127 1354 1166 si
1387 1125 1609 1167 sublatum

135 1204 294 1255 fuerit,
328 1202 461 1244 verba
492 1217 519 1244 a
541 1206 765 1258 principio
796 1207 868 1244 sui
893 1207 1073 1258 generis
1102 1204 1144 1244 in
1178 1203 1310 1245 aliam
1342 1207 1605 1246 sententiam

135 1282 452 1324 transferantur
474 1284 518 1334 ¹).
563 1280 793 1323 Garatonii
824 1282 997 1338 quidem
1018 1285 1247 1324 conamina
1280 1298 1364 1324 non
1399 1298 1484 1324 uno
1518 1298 1608 1324 mo-

132 1361 188 1403 do
240 1360 503 1415 reprehendi
557 1369 755 1417 possunt.
844 1361 932 1402 Sed
973 1363 1017 1402 in
1062 1363 1279 1417 proximis
1324 1361 1605 1403 manifestum

133 1439 338 1480 mendum
370 1448 457 1487 est3
490 1439 634 1480 editur
664 1441 804 1482 enim:
838 1453 958 1494 quos,
989 1453 1115 1494 qemm
1146 1444 1341 1481 maxima
1376 1439 1491 1481 bella
1522 1454 1599 1481 no-

132 1517 198 1559 bis
237 1517 487 1568 inferrent,
535 1517 756 1558 moenibus
802 1519 1110 1569 excluserunt,
1162 1518 1377 1560 classibus
1415 1523 1607 1560 insecuta·

131 1601 246 1646 smel,
280 1596 548 1651 corporibus,
584 1599 737 1650 copies,
769 1595 921 1650 opibus
952 1597 1225 1651 depulerunt.
1290 1598 1402 1649 (Ser.
1438 1612 1462 1638 e
1492 1596 1603 1639 PBE

129 1673 307 1729 opibus,
339 1675 506 1727 copiis.)
575 1673 661 1714 Sed
693 1675 766 1728 qui
800 1683 943 1729 potest
983 1676 1027 1715 in
1060 1676 1337 1729 apertissima
1367 1675 1601 1730 anaphorae

128 1750 288 1808 figura,
319 1764 449 1806 quum
495 1752 767 1806 praecesserit
797 1751 850 1792 de
885 1750 1136 1793 Gaditanis:
1181 1756 1260 1808 que·
1297 1767 1325 1793 α
1363 1756 1601 1807 principio,

125 1837 334 1886 sequatur
373 1830 426 1870 de
466 1829 645 1871 iisdem:
687 1833 765 1885 qm·
802 1836 847 1870 et
884 1836 1071 1871 velerem
1105 1838 1148 1871 et
1182 1831 1365 1873 deinde:
1422 1845 1600 1887 quornm

123 1911 310 1957 moenia,
342 1906 409 1947 his
438 1908 659 1963 interponi
692 1922 931 1963 pronomen
967 1923 1073 1965 quo-s·
1103 1909 1289 1951 relatum
1323 1911 1374 1950 ad
1417 1909 1600 1951 Cartha·
1632 1934 1635 1935 ν

123 1985 378 2043 ginienses?
411 1985 476 2026 Ac
510 2000 563 2027 ne
598 1988 810 2027 nominati
841 1988 1013 2043 quidem
1049 1997 1150 2028 sunt
1187 1986 1597 2044 Carthaginienses3

125 2079 224 2106 nam
244 2064 484 2105 Poenorum
515 2079 744 2106 commune
777 2074 842 2106 est
876 2080 1033 2108 nomen
1066 2067 1171 2119 (rid.
1209 2068 1276 2116 14,
1305 2067 1361 2107 32
1393 2074 1450 2116 et,
1470 2080 1598 2121 quem

123 2143 390 2185 Garatonius
425 2144 602 2192 citavit,
645 2143 745 2189 Liv.
778 2143 1014 2195 XXVIII,
1055 2146 1136 2196 39,
1183 2153 1273 2185 tum
1302 2145 1356 2186 de
1388 2145 1483 2186 Fin.
1517 2144 1597 2196 lv,

119 2224 191 2274 2⁰,
223 2222 281 2262 56
309 2230 352 2262 et
382 2221 676 2277 fragmentum
710 2224 767 2264 37
797 2222 900 2264 libri
932 2221 994 2263 Ill
1031 2223 1082 2263 de
1110 2227 1247 2278 rep.),
1269 2223 1381 2278 quod
1414 2225 1486 2277 qui
1517 2222 1598 2264 hoc

121 2300 219 2342 loco
253 2299 306 2340 de
341 2298 448 2340 solis
481 2298 923 2356 Carthaginiensibus
956 2300 1235 2357 intelligunt,
1279 2314 1447 2342 sensum
1488 2302 1594 2342 Poe-

122 2392 272 2420 norum
301 2379 580 2432 interpretari
613 2387 828 2434 coguntur
848 2387 998 2420 contra
1026 2393 1199 2420 omnem
1232 2393 1357 2421 usum
1387 2379 1593 2435 loquendi

150 2525 177 2568 ¹)
213 2523 302 2557 AB:
328 2535 352 2556 a
378 2523 565 2568 pr.'m·1.'pi0
592 2523 653 2556 sui
675 2524 826 2568 Ueneris
853 2529 920 2557 unt
951 2524 1077 2557 fludio
1107 2525 1197 2568 reip.
1226 2525 1266 2558 1ιί
1290 2525 1338 2558 ab
1357 2525 1479 2563 omni,·
1505 2525 1594 2568 (aut

212 2585 338 2618 studio
366 2583 480 2617 ctiam
508 2582 590 2618 rod.
620 2583 660 2619 C.
687 2583 903 2630 Stephani).
962 2584 1043 2618 Ers.
1084 2597 1108 2618 a
1131 2586 1319 2630 principio
1355 2587 1417 2619 sni
1438 2587 1587 2632 qcncris

211 2646 337 2680 studio
364 2647 454 2689 reip.
486 2646 542 2678 his
570 2646 618 2679 ab
645 2648 744 2680 omni
764 2651 829 2680 ele.
864 2647 957 2680 Oxx.
988 2650 1022 2686 3,
1050 2645 1184 2685 Barb..
1212 2645 1293 2680 edd.
1323 2650 1413 2681 vcss.
1444 2647 1506 2680 sui
1529 2659 1587 2691 ‘qe‘

213 2707 314 2740 neris
345 2718 390 2740 ac
418 2708 555 2747 studio,
586 2706 653 2742 Ox.
686 2711 702 2741 1
733 2708 858 2743 studio
887 2713 934 2747 ce,
960 2706 1098 2742 deinde
1127 2707 1202 2742 duo
1222 2707 1317 2743 OxX.
1345 2708 1400 2741 his
1428 2706 1513 2751 (iis)
1545 2707 1592 2739 ab

212 2769 317 2802 omni,
