1821 3309
120 392 204 430 ΧΠ.
217 396 271 428 39.
286 394 461 441 eorporis
489 394 742 442 voluptatem)

259 457 400 502 volupt.
425 470 525 502 corp.

118 519 177 553 40.
213 528 295 552 esse
323 520 417 561 tam)
443 524 520 552 tam
547 530 627 552 esse

119 580 176 615 41.
211 579 379 624 intelligi
408 582 558 625 posset)
585 579 762 626 intelleqi

258 643 377 685 possit

210 705 365 749 tamque
384 701 626 749 pestiferum)
655 714 722 737 om.

117 763 172 796 42.
206 762 438 807 habendam)
464 765 676 798 habendam
703 775 781 798 esse

213 824 398 866 effecerit)
426 827 595 872 efficeret
620 825 664 859 G.
690 829 718 860 t.
748 823 812 858 Rr.

208 886 437 932 Flaminini)
465 888 650 922 Flaminii

212 947 271 992 L.)
303 950 343 985 C.

210 1013 405 1054 exoratus)
433 1016 627 1046 exortatus
650 1009 754 1056 (sic).

115 1065 220 1103 ΧΙΠ.
237 1072 292 1105 43.
307 1083 350 1105 ex
378 1072 475 1116 eius)
503 1074 582 1107 eius

209 1130 251 1167 P.
275 1132 408 1178 Decii)
433 1135 546 1168 Decii

117 1190 173 1224 44.
207 1189 337 1236 hamo)
363 1207 425 1228 om.

206 1257 338 1299 potest
377 1255 578 1300 delectari)
629 1257 815 1294 delectari

208 1321 334 1360 potest
359 1316 403 1350 G.
433 1321 458 1352 t.
483 1317 550 1352 Rr.

116 1375 171 1411 45.
208 1377 323 1423 (liunt
347 1378 433 1422 nr.)

115 1435 363 1473 xlv.46.est
389 1439 522 1484 etiam)
557 1447 613 1475 est
639 1440 687 1479 G.
717 1445 742 1474 t.
771 1441 816 1479 R,

209 1499 473 1547 voluptatibus
489 1501 604 1548 ipsis)
633 1503 724 1547 ipsis
743 1504 815 1540 vol.

212 1562 494 1608 (Xenophontis
520 1570 576 1598 est
600 1563 685 1607 Rc.)

115 1621 172 1655 47.
210 1623 435 1668 molestum)
462 1631 517 1660 est
543 1627 733 1660 molestum

210 1684 329 1728 sieut)
360 1692 541 1732 tunquam
566 1687 611 1723 G.
638 1691 662 1722 t.
688 1686 753 1721 lir.

117 1746 173 1780 48.
211 1747 385 1792 (propter
409 1748 492 1792 ltr.)

118 1807 174 1840 49.
213 1809 492 1854 contentionis)
531 1812 811 1846 contentionum

212 1867 273 1911 C.)
302 1881 369 1904 om.

209 1929 322 1964 nobis
344 1934 451 1975 ante)
475 1937 566 1966 ante
591 1933 697 1967 nobis
722 1931 766 1966 G.
787 1935 813 1965 t.

208 1990 274 2025 Rr.

118 2049 204 2087 XV.
218 2055 272 2088 51.
283 2052 476 2097 diffindit)
502 2054 684 2103 diffundit

116 2115 174 2147 52.
211 2115 396 2159 noscatis)
406 2117 644 2161 pernoscatis·
655 2115 698 2151 G.
712 2120 736 2152 t.
750 2115 815 2150 Rc.

211 2186 232 2210 e
252 2179 371 2221 terra)
398 2183 505 2213 terra

212 2249 256 2274 cx
282 2238 368 2282 ssei)
396 2240 502 2287 effici

214 2299 314 2335 fulta
342 2301 408 2344 sit)
431 2302 539 2347 fulta
565 2309 622 2338 est

121 2365 177 2398 53.
215 2364 325 2408 (dein
357 2374 428 2409 pro
466 2366 604 2400 deinde
638 2365 704 2401 Rr.
738 2377 818 2401 nou

258 2423 484 2468 adnotavit.)

214 2488 296 2519 tum
319 2485 468 2526 fructu)
495 2488 633 2532 cumfr.
650 2487 693 2522 G.
708 2492 733 2522 t.
747 2487 812 2522 ΗΓ.

213 2548 503 2590 (sarmentorum
544 2561 613 2595 pro
650 2562 816 2585 sarmon-

257 2615 449 2658 torumque
473 2622 550 2644 non
576 2610 660 2645 adn.
686 2610 776 2656 Rc.)

118 2672 176 2708 54.
211 2675 256 2705 ut
281 2670 397 2715 mihi)
425 2677 462 2707 et
486 2674 578 2707 mihi

212 2731 405 2777 Laertem)
437 2733 616 2768 Laertam

215 2792 329 2827 etiam
353 2793 496 2836 hortis)
524 2796 643 2830 hortis
670 2796 785 2831 etiam

213 2853 362 2899 apium)
390 2861 426 2889 et
450 2859 578 2902 apium

122 2913 226 2950 XVI.
239 2918 296 2951 55.
338 2914 462 2952 fuisse
509 2918 656 2965 sentio)
699 2918 819 2954 sentio

262 2977 384 3023 fuisse

1417 258 1518 308 289

978 403 1015 433 et
1038 397 1185 442 studio)
1213 409 1239 437 a
1263 399 1388 435 studio

976 461 1077 502 sum)
1103 472 1169 493 om.

972 523 1128 563 natura)
1154 534 1220 555 om.

973 580 1015 615 in
1036 580 1108 615 hae
1134 581 1229 623 vita)
1257 582 1297 615 in
1322 583 1421 617 hane
1444 585 1562 619 vitam

883 645 939 676 56.
977 642 1050 686 eis)
1075 644 1122 677 iis
1153 642 1195 678 G.
1224 648 1250 678 t.
1276 643 1342 679 Ην.

976 705 1065 748 (sed
1085 705 1337 739 delectatione
1357 717 1427 751 pro
1450 708 1519 741 sed
1543 713 1578 743 el

1019 766 1091 801 del.
1116 765 1182 799 Rr.
1207 778 1285 800 non
1311 766 1420 810 adn.)

882 828 938 860 57.
974 825 1114 870 dicam)
1138 829 1254 872 plura
1279 829 1403 862 dicam

974 892 1041 921 aut
1066 888 1273 932 calescere)
1300 902 1402 938 aeqne
1427 890 1497 923 cal.

973 948 1214 994 refrigerari)
1242 951 1475 997 rofi-r'qerure

880 1014 935 1044 58.
976 1011 1059 1044 sine
1084 1010 1166 1055 his)
1192 1014 1274 1047 sine
1302 1014 1349 1046 iis

880 1072 1073 1108 XV11.59.
1098 1073 1228 1120 Atque
1242 1074 1300 1116 ut)
1318 1075 1443 1122 Atque
1464 1074 1577 1107 etium

1018 1138 1062 1167 ut

972 1196 1087 1238 (libro
1108 1207 1177 1243 quo
1200 1195 1363 1244 loquitur
1385 1209 1456 1243 pro
1481 1198 1576 1232 libro

1020 1257 1116 1303 loqu.
1143 1254 1207 1290 ltr.
1233 1269 1311 1291 non
1340 1258 1447 1302 adn.)

972 1328 1099 1363 regem
1119 1317 1337 1363 Persarum)
1368 1320 1573 1354 Persarum

1022 1391 1147 1423 reflem

980 1451 1000 1475 e
1026 1440 1205 1484 floribus)
1232 1447 1269 1476 et
1289 1442 1375 1488 [lor.

976 1502 1043 1537 sed
1068 1502 1199 1546 etiam)
1223 1504 1292 1538 sed
1316 1516 1398 1539 eam

974 1568 1013 1598 et
1040 1564 1090 1607 ei)
1119 1570 1155 1600 ct

974 1625 1100 1660 omnia
1137 1625 1211 1659 ista
1250 1627 1348 1667 sum)
1388 1624 1464 1658 ista
1500 1636 1578 1657 sum

1021 1688 1145 1723 omniu

974 1749 1080 1792 Rite)
1109 1754 1210 1783 reete
1236 1747 1283 1785 G.
1311 1751 1336 1781 t.
1367 1747 1431 1782 131¹.

974 1810 1200 1853 coniuncta)
1228 1810 1427 1844 convincta

883 1876 939 1909 ⁶0.
980 1872 1052 1915 lta)
1082 1873 1217 1916 ltaque
1244 1870 1287 1904 G.
1315 1874 1339 1903 t.
1368 1870 1432 1906 liv.

977 1934 1076 1975 eius)
1101 1933 1210 1965 lew’us

884 1998 941 2031 61.
981 1993 1188 2034 sententia)
1219 1994 1343 2026 tentia

977 2058 1083 2102 (ipsa
1102 2059 1284 2089 extremos
1310 2064 1379 2099 pro
1399 2058 1579 2089 extremos

1024 2116 1089 2152 Rr.
1114 2127 1192 2149 non
1218 2114 1324 2158 adn.)

881 2178 1093 2215 xvlll.63.
1123 2175 1226 2223 ipsa)
1253 2188 1321 2213 om.

976 2241 1142 2283 morata)
1168 2243 1316 2271 morata
1344 2243 1434 2271 sunt

975 2300 1314 2342 Lacedaemonem)
1365 2300 1579 2336 Lueeedac-

1023 2374 1170 2396 monum

976 2422 1099 2466 ludis)
1130 2422 1240 2455 ludos

979 2483 1182 2525 consessu)
1201 2494 1383 2518 consensu
1403 2482 1460 2527 (et
1477 2482 1580 2518 infra

1024 2544 1178 2581 iterum.

979 2605 1252 2650 consederant)
1280 2606 1525 2640 considerant

978 2668 1127 2709 omnes)
1161 2679 1286 2701 omnes
1320 2668 1381 2701 illi
1405 2668 1584 2702 dicuntur

977 2728 1105 2771 illum)
1132 2740 1199 2762 om.

887 2794 942 2829 64.
979 2802 1024 2825 cx
1048 2790 1117 2833 iis)
1147 2803 1192 2824 ex
1217 2790 1275 2824 his

980 2854 1136 2896 nostro)
1158 2857 1284 2886 vostro

889 2917 947 2951 66.
981 2913 1108 2949 minus
1129 2912 1200 2947 vioe
1214 2912 1352 2955 restat)
1372 2910 1443 2945 υἰω
1464 2910 1586 2944 „tinus

1035 2979 1150 3009 restet

1299 3026 1341 3056 19
