1821 3309
1393 205 1492 255 253

98 348 262 388 tionem
296 344 515 387 iudicandi
548 343 774 395 haberent,
807 346 1053 386 necessaria
1086 344 1139 385 de
1172 359 1317 395 causa,
1349 353 1395 385 ut
1427 360 1561 402 nego-

99 427 172 466 tiis
203 426 293 466 suis
335 438 510 480 operam
553 424 656 464 dare
697 430 877 476 possent
921 425 983 476 (in
1018 422 1147 464 Verr.
1185 423 1284 465 Act.
1324 423 1360 475 I,
1404 439 1440 464 c.
1474 425 1560 478 10),

99 512 173 546 aut
205 503 404 544 homines
435 501 632 542 mercede
663 500 915 551 conductos,
945 500 1026 541 hoc
1057 509 1138 551 est,
1168 510 1334 556 partem
1369 516 1452 543 non
1483 502 1561 543 ho-

98 581 390 622 nestissimam
433 577 609 633 plebis?
656 577 888 627 Quomodo
937 578 1124 634 denique
1167 580 1402 634 Pompeius
1433 580 1560 629 ‚ferre

97 661 267 715 potuit,
311 666 358 698 ut
399 655 499 698 tulit
543 656 735 696 secundo
781 655 1038 707 consulatu,
1082 665 1130 696 ut
1176 671 1326 697 omnes
1375 659 1562 707 iudices,

99 739 229 779 etiam
273 735 436 778 tribuni
482 736 641 785 aerarii,
684 734 955 788 amplissimo
999 749 1057 775 ex
1094 749 1226 775 censu
1259 748 1318 775 ex
1350 740 1560 777 centuriis·

97 815 366 872 legerentur,
407 815 444 855 si
491 813 557 854 illi
589 814 802 854 eiusmodi
838 814 1010 868 quidam
1043 815 1326 868 magistratus
1359 823 1401 855 et
1434 815 1560 855 mini-

99 896 177 936 stri
203 893 367 950 publici
392 893 594 944 fuissent,
623 906 752 948 quum
783 891 1032 932 huiusmodi
1064 893 1352 933 ministerium
1384 894 1561 933 omnino

98 988 124 1014 a
157 975 318 1014 civium
354 973 399 1012 in
443 972 661 1011 centurias
706 969 1013 1011 distributione
1057 971 1302 1010 seiunctum
1345 980 1475 1022 esset,
1516 980 1562 1012 ut

99 1052 372 1093 centuriatim
419 1048 550 1103 seligi
598 1062 682 1088 non
736 1048 943 1100 possent?
991 1048 1077 1088 Sed
1116 1047 1276 1103 longus
1311 1061 1408 1088 esse
1445 1047 1562 1097 nolo,

97 1143 229 1184 quum
272 1127 380 1177 haec,
422 1139 516 1180 quae
560 1126 763 1180 proxime
807 1124 1074 1181 significavi,
1110 1139 1194 1165 non
1230 1125 1371 1166 solnm
1406 1125 1560 1167 falsam

97 1208 348 1263 opinionem
398 1211 625 1252 evertant,
672 1203 747 1243 sed
797 1218 946 1244 verum
989 1204 1302 1244 demonstrent.
1369 1203 1562 1245 Gradum

98 1287 213 1327 enim
241 1284 431 1339 aliquem
475 1290 518 1321 et
553 1282 875 1322 distinctionem
914 1283 1074 1322 civium
1106 1284 1412 1322 universorum
1445 1292 1562 1323 certa

98 1363 246 1418 aliqua
274 1376 425 1402 norma
449 1360 623 1408 factam,
668 1360 1031 1413 quemadmodum
1067 1361 1235 1415 equites
1270 1373 1403 1400 censu
1437 1373 1563 1415 sepa-

96 1441 321 1490 rebantur,
345 1439 453 1479 illud
479 1452 634 1477 nomen
661 1436 932 1478 tribunorum
957 1439 1209 1478 aerariorum
1231 1448 1382 1478 notare
1408 1437 1562 1488 debet3

96 1520 226 1575 idque
269 1517 494 1558 declarant
542 1517 817 1568 apertissime
867 1524 955 1556 tres
999 1515 1224 1557 Ciceronis
1270 1515 1371 1557 loci.
1448 1514 1563 1557 Nam

98 1600 283 1652 primum
310 1598 368 1636 'in
413 1595 610 1635 oratione
653 1593 718 1634 IV
760 1595 803 1633 in
845 1593 976 1634 Catil.
1018 1609 1052 1635 c.
1082 1597 1123 1644 7,
1163 1595 1228 1644 15,
1260 1593 1560 1651 ubiomninm

98 1676 296 1717 ordinum
341 1687 598 1714 consensum
637 1674 680 1712 in
718 1671 943 1727 republica
988 1672 1261 1713 defendenda
1303 1686 1564 1713 commemo-

96 1762 178 1804 rat,
210 1751 430 1808 equitibus
457 1751 667 1792 Romanis
697 1752 898 1805 proxime
923 1749 1098 1790 subiicit
1130 1749 1328 1790 tribunos
1359 1751 1564 1796 aerarios3

96 1841 139 1873 et
176 1834 212 1872 si
259 1832 326 1871 cui
365 1830 434 1870 hic
485 1829 607 1869 locus
654 1827 811 1869 dubius
855 1830 1042 1879 videtur,
1083 1828 1196 1883 quod
1241 1827 1397 1868 deinde
1431 1829 1563 1868 etiam

95 1909 261 1952 scribas
291 1911 500 1958 nominat,
532 1906 695 1947 nullam
725 1906 857 1946 habet
887 1906 1221 1956 dubitationem,
1254 1906 1367 1960 quod
1396 1907 1439 1945 in
1468 1920 1564 1946 ora-

95 1991 212 2029 tione
264 2002 338 2042 pro
381 1985 429 2026 C.
463 1984 643 2025 Rabirio
678 1985 731 2024 ad
771 1984 895 2033 Quir.
928 1986 970 2034 9,
999 1986 1056 2024 27
1086 1984 1261 2029 dicitur,
1302 1983 1377 2023 ubi
1409 1983 1563 2024 Cicero

96 2081 155 2107 ex
189 2067 303 2107 omni
339 2062 498 2120 populo
530 2064 698 2117 equites
745 2072 786 2102 et
817 2061 1015 2102 tribunos
1050 2063 1227 2101 aerarios
1259 2075 1455 2102 seorsum
1488 2076 1564 2102 no-

94 2145 258 2194 minat,
323 2152 542 2195 tamquam
590 2140 740 2180 eodem
790 2140 916 2180 modo
959 2155 1090 2194 supra
1133 2139 1344 2193 reliquam
1388 2139 1562 2195 plebem

95 2230 285 2263 evectos.
312 2221 340 2272 ¹)
406 2218 519 2259 Illud
550 2233 655 2259 vero
685 2219 1103 2268 manifestissimum,
1135 2217 1249 2272 quod
1275 2233 1334 2258 ex
1364 2220 1561 2259 oratione

92 2313 170 2355 pro
203 2298 382 2339 Plancio
426 2312 460 2339 c.
491 2299 519 2337 8
560 2296 581 2350 ξ
616 2298 668 2336 21
710 2297 924 2347 videmus,
968 2312 1053 2337 non
1085 2296 1227 2337 solum
1257 2297 1302 2336 in
1335 2296 1457 2346 urbe,
1486 2297 1561 2336 sed

92 2379 136 2417 in
168 2376 419 2427 municipiis
456 2383 497 2414 et
530 2375 800 2426 praefecturis
837 2373 914 2413 illo
953 2383 1162 2428 tempore,
1198 2382 1243 2413 ut
1278 2375 1445 2428 equites
1476 2373 1562 2414 Ro-

95 2468 270 2503 manos,
323 2453 385 2492 sic
435 2449 632 2491 tribunos
678 2453 854 2492 aerarios
896 2467 919 2492 a
963 2451 1132 2506 reliqua
1171 2449 1299 2505 plebe
1341 2458 1560 2505 tamquam

119 2608 147 2650 ²)
188 2606 292 2652 Quid
317 2606 363 2639 de
390 2604 466 2638 illis
494 2605 762 2638 honestissimis
787 2605 878 2638 viris
906 2610 1020 2651 utque
1046 2604 1194 2649 optimis
1220 2604 1384 2643 civibus,
1430 2604 1560 2650 equiti-

183 2669 251 2701 bus
281 2666 486 2705 Ronmm'S,
523 2666 706 2706 dicemus,
732 2667 797 2712 qni
821 2671 897 2700 lum
924 2678 1003 2699 una
1033 2678 1114 2699 cum
1143 2670 1280 2699 senatu
1306 2665 1466 2698 sulutem
1492 2665 1560 2698 rei-

183 2728 344 2772 publiece
383 2727 665 2770 defenderunt?
701 2728 794 2773 quid
825 2728 871 2761 (le
906 2728 1067 2761 tribunis
1104 2727 1252 2761 (erariis
1287 2729 1563 2772 ceterorumque

187 2789 359 2823 ordimem
384 2790 543 2823 omm'mn.
575 2790 805 2827 hominibus,
832 2791 899 2835 qni
922 2795 997 2823 tum
1026 2802 1132 2823 arma
1157 2800 1224 2833 pro
1251 2787 1431 2821 communi
1453 2788 1561 2820 Iiber-

189 2854 269 2882 (ατε
293 2853 501 2893 ceper-met?
