1821 3309
310 177 411 227 243

249 316 447 359 Velleius
478 315 581 356 dicit
615 315 671 366 ΙΙ,
703 318 772 366 76,
803 324 845 356 et
877 314 1158 356 confirmatur
1187 329 1392 356 munel-us
1424 330 1448 357 a
1471 314 1706 357 Plutarcho

245 395 412 450 (Pomp.
446 395 534 448 55),
575 409 701 450 quem
734 403 930 448 apertum
964 404 1028 435 est
1065 409 1214 435 omnes
1246 395 1432 446 iudices,
1463 408 1522 434 ex
1553 393 1709 449 quibus

247 474 418 514 sortitio
464 471 603 524 fieret,
648 472 725 514 illo
773 488 952 514 numero
997 473 1394 529 comprehendisse.
1461 471 1546 513 Sed
1590 472 1712 511 utin

248 552 328 593 hac
373 552 561 592 iudicum
607 550 795 592 lectione
836 551 1051 607 permulta
1086 551 1217 592 dubia
1261 561 1302 591 et
1345 549 1528 591 obscura
1559 557 1657 590 sunt
1681 548 1713 601 ¹)

280 753 308 796 ι)
343 751 568 785 Generalem
594 747 692 783 hane
718 749 840 784 fuisse
866 751 1036 785 iudicum
1062 749 1291 790 lectionem,
1325 760 1403 782 non
1428 748 1475 782 ad
1501 747 1602 782 solas
1629 746 1715 781 illas

341 812 387 846 de
414 812 559 845 ambitu
586 815 624 844 et
650 811 686 845 vi
713 823 858 853 causas,
889 812 1060 846 ostendit
1076 811 1166 851 Dio,
1191 821 1262 843 nec
1289 810 1492 856 quicquam
1517 808 1638 843 fuisse
1662 808 1716 843 vi-

342 873 474 914 detur,
521 885 591 906 cur
615 872 819 919 Pompeius
835 900 844 914 ,
881 872 1197 919 quemadmodum
1224 872 1317 906 olim
1343 871 1530 905 Servilius
1557 869 1718 904 Glaucia

341 935 437 969 fecit
461 935 502 968 in
526 934 610 980 lege
635 934 957 980 repetundarum,
990 935 1086 969 alios
1115 946 1191 969 suae
1217 934 1293 980 legi
1318 938 1430 980 atquc
1456 932 1595 967 ceteris
1619 930 1717 965 iudi-

342 1008 405 1030 ces
432 995 707 1039 constitueret;
751 1007 821 1029 uec
856 995 897 1029 id
932 1000 998 1029 aut
1023 996 1196 1030 Velleius
1224 1001 1290 1030 aut
1314 994 1544 1030 Plutarchus
1570 992 1716 1040 signifi-

342 1062 440 1091 cant.
490 1057 542 1091 Et
569 1068 685 1103 quum
713 1055 782 1090 illo
811 1069 909 1090 anno
937 1057 1062 1090 omnia
1090 1058 1244 1092 comitia
1274 1058 1329 1092 sic
1356 1061 1478 1092 tracta
1505 1059 1648 1095 essent,
1674 1058 1719 1088 ut

342 1119 439 1153 nulli
464 1123 646 1165 praetorcs
673 1122 813 1158 essent,
839 1129 914 1164 quo
942 1122 1112 1164 tempore
1129 1118 1333 1165 Pompeius
1364 1117 1606 1153 consulatum
1631 1115 1722 1150 iniit

344 1181 504 1224 (Ascon.
532 1191 673 1224 argum.
700 1178 783 1213 Mil.
812 1191 847 1224 p.
878 1178 980 1220 140),
1005 1184 1050 1213 ut
1079 1179 1224 1213 iudicia
1251 1179 1419 1214 exerceri
1445 1183 1627 1225 possent,
1655 1189 1718 1211 nc-

344 1252 450 1275 ccsse
478 1245 570 1281 erat,
605 1240 688 1285 ipse
712 1239 861 1273 iudices
887 1240 1043 1285 legeret.
1098 1241 1306 1275 Numerum
1329 1241 1458 1281 alium,
1483 1243 1598 1286 atquc
1632 1242 1721 1272 ante

344 1303 505 1343 suisset,
529 1306 611 1334 tum
636 1301 911 1340 constitutum,
937 1305 1092 1346 apparet
1121 1312 1166 1334 ex
1193 1313 1260 1342 eo,
1287 1301 1390 1348 quod
1417 1306 1492 1334 tam
1514 1300 1722 1346 diligenter

344 1367 516 1404 notatur,
544 1366 581 1395 et
607 1361 690 1395 sine
717 1361 834 1394 dubio
860 1361 1060 1396 minorem.
1108 1360 1185 1405 (Ps.
1215 1361 1371 1396 Sallust.
1397 1365 1441 1397 dc
1467 1361 1548 1396 ord.
1573 1373 1653 1408 rcp.
1671 1361 1721 1402 ll,

342 1429 364 1457 7
390 1423 485 1464 vult,
511 1436 635 1457 omncs
658 1424 788 1468 primm
814 1424 947 1457 classis
973 1424 1158 1464 iudicare,
1184 1424 1252 1457 secl
1275 1435 1428 1457 numero
1450 1424 1593 1468 plures,
1611 1434 1720 1469 quam

344 1484 541 1531 (Pompeia
571 1484 676 1530 lege)
706 1486 903 1528 iudicent.)
952 1484 1128 1518 Eundem
1153 1495 1353 1518 numerum
1374 1484 1494 1518 latere
1530 1484 1572 1518 in
1599 1482 1721 1518 Caelii

346 1547 457 1593 epist.
491 1545 535 1580 ad
564 1545 645 1580 Cic.
687 1545 754 1589 (ad
780 1545 882 1580 Fam.
913 1545 1023 1589 vlu)
1049 1549 1071 1579 8
1098 1547 1144 1589 (a.
1172 1549 1214 1579 51
1243 1545 1402 1592 scripta)
1430 1549 1468 1579 ct
1493 1544 1534 1578 in
1563 1544 1722 1578 Cicero-

342 1608 404 1642 nis
436 1619 493 1654 ep.
531 1607 578 1641 ad
616 1607 701 1645 Att.
734 1607 853 1649 Vlll,
891 1610 934 1641 16
965 1611 1011 1648 (a.
1041 1610 1128 1651 49),
1170 1607 1282 1641 multi
1308 1607 1383 1641 iam
1409 1605 1593 1653 suspicati
1620 1610 1722 1641 suut.

344 1668 422 1703 Sed
457 1668 727 1702 difficultatem
762 1669 928 1710 habent,
960 1681 1043 1715 quae
1069 1669 1261 1703 Asconius
1288 1669 1329 1703 in
1356 1680 1497 1714 argum.
1527 1667 1663 1702 Milon.
1687 1679 1722 1714 p.

344 1732 413 1765 148
437 1729 527 1764 Hot.
559 1730 718 1771 scribit,
766 1730 931 1776 primum
961 1735 1076 1764 testes
1102 1742 1172 1777 per
1198 1730 1369 1764 triduum
1394 1729 1546 1764 auditos
1580 1733 1618 1763 et
1644 1733 1724 1763 tum

345 1791 495 1837 demum
521 1791 763 1825 sortitionem
788 1791 953 1824 LXXXI
979 1790 1149 1825 iudicum
1178 1791 1342 1835 factam3
1381 1791 1512 1837 itaque
1550 1790 1591 1824 in
1616 1790 1723 1824 testi-

344 1852 417 1886 bus
452 1851 652 1886 audiendis
678 1864 807 1886 omnes
826 1851 975 1886 iudices
991 1851 1083 1886 lecti
1105 1851 1275 1886 adfuisse
1292 1852 1485 1891 videntur,
1511 1850 1615 1897 quod
1631 1861 1723 1897 quo-

344 1914 446 1948 niam
470 1914 514 1947 in
539 1914 588 1947 iis
617 1913 826 1954 iudicibus,
854 1914 919 1961 qui
947 1913 994 1947 ad
1021 1913 1148 1947 onmia
1172 1913 1315 1947 iudicia
1340 1913 1432 1947 lecti
1458 1897 1599 1953 essent,
1637 1911 1723 1946 fieri

345 1986 424 2009 non
445 1974 597 2009 videtur
631 1975 829 2021 potuisse,
866 1979 908 2008 ut
942 1975 985 2008 in
1018 1974 1141 2008 causis
1178 1974 1356 2008 omnibus
1392 1984 1523 2009 omnes
1555 1972 1724 2007 testibus

346 2036 546 2071 audiendis
581 2048 734 2082 operam
771 2037 929 2076 darent,
965 2036 1142 2082 suspicor
1178 2035 1218 2069 in
1257 2035 1324 2069 illa
1352 2035 1399 2070 de
1435 2035 1474 2069 vi
1499 2034 1724 2082 quaestione,

347 2109 431 2143 quae
466 2103 571 2131 extra
597 2097 769 2131 ordinem
803 2097 934 2131 habita
963 2102 1045 2136 est,
1087 2097 1234 2142 aliquid
1270 2095 1463 2141 singulare
1496 2096 1645 2140 fuisse,
1681 2100 1724 2130 ut

346 2157 551 2202 Pompeius
588 2157 737 2190 iudices
773 2157 820 2190 ad
859 2168 939 2190 cam
976 2158 1180 2203 separatim
1215 2156 1366 2202 legerit,
1432 2156 1726 2200 [Difficultatem

348 2229 427 2251 non
463 2216 622 2250 sustulit
661 2217 1023 2263 Osenbrueggenius
1059 2218 1106 2252 ad
1143 2217 1222 2252 Cic.
1262 2223 1356 2253 orat.
1386 2229 1457 2264 pro
1493 2217 1578 2253 Mil.
1611 2230 1647 2264 p.
1681 2220 1726 2252 47

347 2289 471 2324 neque
497 2278 755 2324 Goettlingius
792 2279 834 2313 in
861 2279 1024 2313 historia
1049 2279 1316 2314 institutorum
1344 2279 1437 2325 rcip.
1463 2278 1570 2313 Rom.
1598 2290 1635 2325 p.
1658 2281 1728 2312 482

348 2344 385 2374 et
419 2342 498 2376 483.
562 2339 822 2375 Coniunctum
856 2353 940 2376 cum
971 2340 1155 2374 inusitata
1181 2341 1252 2375 hac
1288 2340 1410 2375 forma
1446 2339 1576 2386 aliquo
1612 2339 1724 2373 modo

349 2400 523 2441 videtur,
567 2401 669 2447 quod
703 2400 829 2435 Caesar
862 2402 903 2436 B.
943 2402 984 2437 C.
1019 2402 1100 2443 Ill,
1138 2405 1154 2435 1
1195 2402 1388 2449 queritur,
1434 2400 1610 2435 homines
1642 2399 1727 2446 lcgc

348 2461 529 2507 Pompeia
554 2462 720 2496 ambitus
745 2463 941 2500 damnatos
970 2476 1075 2504 csse,
1126 2465 1214 2498 aliis
1249 2463 1493 2498 accdientilms
1525 2462 1724 2499 iudicibus.

352 2524 440 2557 aliis
475 2527 701 2558 sententiam
732 2524 971 2570 ferentibus3
1013 2525 1089 2559 nisi
1115 2524 1188 2559 hoc
1214 2525 1382 2571 pertinet
1406 2523 1454 2557 ad
1478 2522 1725 2557 reiectionem

348 2583 420 2617 XV
446 2583 616 2619 iudicum
649 2590 739 2632 post
781 2586 973 2621 orationes
1018 2591 1281 2621 accusatorum
1321 2591 1358 2620 et
1385 2589 1631 2632 patronorum
1670 2581 1706 2616 fa

351 2649 448 2678 etam
475 2646 566 2689 (vid.
592 2647 732 2682 Ascon.
758 2659 796 2693 p.
826 2650 935 2692 148),
968 2648 1014 2682 ad
1040 2660 1149 2695 quam
1177 2646 1377 2682 referenda
1403 2649 1462 2680 est
1491 2643 1606 2690 ctiam
1635 2642 1721 2678 Plu-

354 2704 474 2738 tarchi
514 2706 560 2740 dc
593 2707 723 2742 Planci
760 2720 871 2742 causa
909 2714 945 2743 ct
984 2708 1141 2743 Catonis
1180 2708 1282 2742 sacto
1310 2705 1479 2740 narratio
1504 2704 1636 2752 Pomp.
1665 2708 1721 2745 55,
1750 2727 1756 2733 =

353 2766 433 2799 Cat.
473 2766 565 2800 Min.
595 2770 650 2802 48.
702 2769 815 2810 Quod
842 2769 1031 2804 Asconius
1058 2782 1092 2815 p.
1121 2771 1185 2803 147
1213 2767 1359 2802 iudices
1385 2779 1404 2800 a
1430 2766 1611 2812 Pompeio
1637 2779 1719 2811 pro-

351 2827 490 2870 positos
529 2826 643 2866 dicit.
687 2834 789 2864 recte
820 2830 1183 2876 Osenbrucggenius
1222 2829 1267 2863 ad
1305 2828 1384 2865 Cic.
1410 2838 1479 2874 pro
1506 2827 1587 2864 Mil.
1618 2839 1651 2873 p.
1680 2830 1724 2861 46
