1821 3309
1435 205 1535 254 327

261 344 360 387 Non
397 357 501 401 puto
551 349 714 403 peritos
755 356 813 397 et,
854 346 968 402 quod
1009 361 1224 387 summum
1268 355 1359 397 est,
1403 348 1512 387 recti
1561 355 1604 388 et

145 427 239 467 sani
273 427 420 468 iudicii
451 426 649 468 homines
685 426 808 482 plura
850 426 1059 481 exempla
1092 426 1222 467 huius
1256 428 1430 482 generis
1460 427 1605 482 requi-

145 507 306 546 sinu-os
341 508 614 562 gratiamque
656 520 731 547 eos
774 505 880 546 mihi
923 506 1116 547 facturos
1155 520 1284 560 spero
1330 506 1603 546 emendatio-

147 598 249 626 num
278 586 373 627 sive
403 586 643 627 alienarum
676 587 771 626 sive
805 600 1014 636 mearum,
1043 599 1137 641 quae
1168 584 1270 625 olim
1303 600 1327 624 a
1358 599 1424 624 mc
1457 583 1603 639 expli-

146 674 252 707 catae
296 664 587 722 stabilitaeque
621 675 747 717 sunt,
789 674 940 706 contra
981 664 1231 705 huiusmodi
1271 664 1465 704 codicum
1498 664 1604 704 scri·

145 755 282 802 pturae
323 746 601 787 defensiones
656 745 927 788 tuendarum.
1000 743 1238 786 Nonnullis
1281 746 1439 794 etiam,
1496 756 1603 797 quus

145 835 275 866 antea
316 827 361 867 in
409 827 605 882 margine
644 840 894 881 posueram,
941 840 1054 866 nunc
1087 828 1129 865 in
1166 834 1374 865 contexta
1405 823 1603 863 oratione

144 904 287 947 locum
329 906 455 958 dedi,
513 921 642 962 quum
694 908 934 961 praesertim
981 905 1253 946 incommode
1303 901 1507 958 discipuli
1549 900 1604 942 ad

145 987 386 1041 marginem
430 985 704 1042 ablegentur,
750 996 796 1026 ut
838 985 896 1026 ibi
939 985 1142 1035 habeant,
1184 984 1296 1039 quod
1328 992 1445 1024 recte
1478 980 1605 1022 intel-

142 1063 283 1121 ligere
318 1066 500 1121 possint.
564 1065 722 1106 Paucis
764 1065 1020 1121 quibusdam
1066 1064 1174 1105 locis
1217 1065 1260 1103 in
1303 1063 1384 1104 hac
1429 1062 1603 1102 (lenium

141 1145 333 1186 editione
375 1146 585 1185 correctio
629 1147 886 1186 coniectura:
928 1159 1009 1200 ope
1056 1143 1253 1185 adhibita
1295 1153 1376 1193 est,
1420 1155 1604 1198 quorum

143 1226 214 1280 qui
260 1225 424 1280 primus
467 1233 548 1275 est,
594 1239 668 1280 pro
711 1224 839 1269 Rosc.
885 1225 985 1266 Am.
1028 1228 1050 1276 ξ
1085 1226 1154 1272 11,
1199 1226 1294 1264 eius
1328 1225 1422 1278 ipse
1457 1236 1604 1262 emen-

142 1302 363 1344 dationem
392 1302 567 1344 dubiam
603 1304 737 1344 videri
770 1304 974 1360 intelligo
1003 1314 1044 1344 et
1074 1313 1218 1344 tamen
1248 1303 1302 1344 ob
1333 1317 1446 1353 eam,
1475 1316 1606 1357 quam

142 1383 270 1423 modo
314 1382 435 1432 dixi,
480 1396 653 1423 causam
706 1385 749 1424 in
793 1385 885 1439 ipsa
917 1385 1116 1425 oratione
1160 1385 1300 1439 posui.
1363 1381 1476 1423 Nam
1520 1382 1603 1422 etsi

141 1463 360 1503 sententia
414 1472 531 1503 recta
584 1472 674 1513 est,
742 1466 1024 1520 quaestionem
1080 1462 1279 1504 homines
1328 1476 1506 1518 sperare
1551 1475 1604 1502 ea

141 1543 379 1583 severitate
408 1544 653 1583 exercitum
685 1544 754 1593 iri,
795 1558 889 1598 quae
921 1544 1054 1596 digna
1087 1545 1143 1583 sit
1179 1541 1426 1591 maleficiis,
1457 1551 1603 1582 tamen

141 1631 184 1663 et
224 1621 521 1677 superlativus
568 1623 755 1664 fortasse
796 1638 879 1664 non
917 1625 1168 1677 aptissimus
1202 1624 1245 1662 in
1277 1622 1354 1662 tali
1385 1622 1604 1662 sententia

143 1701 282 1743 videri
325 1712 469 1758 potest
503 1712 545 1743 et
578 1702 785 1753 dubitari,
820 1705 890 1759 qni
932 1705 1118 1758 potuerit
1161 1713 1246 1744 tam
1288 1711 1436 1743 notum
1472 1714 1602 1742 voca-

142 1781 291 1822 bulum
339 1783 401 1823 sic
442 1782 688 1838 depravari.
748 1783 922 1824 (Tertius
954 1793 1019 1824 est
1054 1792 1096 1824 et
1132 1783 1442 1832 necessarium,
1487 1781 1603 1837 quod

139 1863 182 1902 in
227 1862 422 1902 eiusdem
461 1864 673 1903 orationis
714 1867 736 1914 ξ
779 1865 835 1903 38
877 1878 1114 1919 promunen
1159 1869 1202 1904 te
1241 1872 1341 1903 ante
1374 1860 1422 1902 C.
1464 1860 1608 1902 Eruci

141 1941 316 1982 sustuli.
373 1940 528 1996 Neque
570 1944 684 1982 enim
729 1942 884 1983 Cicero
922 1957 977 1983 ex
1018 1943 1193 1991 Erucio,
1228 1944 1351 1982 cuius
1383 1941 1602 1982 accusatio

140 2022 226 2062 iam
271 2029 446 2076 peracta
486 2030 567 2072 est,
610 2024 776 2077 quaerit,
808 2023 1024 2077 quomodo
1065 2021 1187 2062 illum
1220 2024 1361 2077 ipsum
1397 2033 1602 2060 accusare

138 2108 354 2156 oporteat,
399 2101 474 2141 sod
505 2103 738 2153 -univorse,
772 2102 928 2158 quibus
961 2103 1230 2157 argumentis
1267 2101 1396 2141 huius
1428 2100 1604 2155 generis

138 2182 358 2222 accusatio
390 2182 469 2220 niti
495 2180 666 2233 debeat,
697 2182 887 2222 ostendit
918 2191 960 2222 et
991 2183 1131 2237 ipsum
1162 2181 1369 2221 Erucium
1402 2177 1604 2220 confiteri

137 2260 449 2316 interrogando
493 2262 635 2316 cogit3
686 2261 841 2302 deinde
889 2261 1042 2302 horum
1088 2261 1195 2302 nihil
1244 2259 1298 2302 ab
1352 2260 1512 2301 Erucio
1556 2261 1601 2300 in

141 2338 222 2380 hac
265 2354 396 2380 causa
437 2339 651 2394 prolatum
693 2355 790 2381 esse
833 2341 951 2381 dicit.
1014 2340 1083 2381 De
1118 2341 1278 2381 Erucio
1313 2341 1409 2394 ipso
1443 2340 1506 2379 sic
1539 2339 1603 2378 di·

139 2419 321 2459 cendum
379 2428 485 2459 erat:
543 2433 690 2459 censes
732 2424 800 2460 ηΙι·
837 2422 1114 2473 oportuisse?
1183 2418 1344 2460 Nonne
1382 2424 1425 2458 ec
1463 2417 1601 2458 aucla-

141 2501 250 2538 ciam
284 2501 402 2549 eius,
462 2502 540 2553 qen·
577 2502 623 2538 in
666 2503 825 2539 crimen
871 2505 1103 2538 'vorm-elur
1143 2507 1225 2538 etc.
1293 2498 1378 2540 Sed
1423 2499 1600 2538 omnino

137 2586 226 2618 tum
262 2577 352 2618 haec
395 2592 490 2618 cum
524 2577 683 2618 Erucio
728 2580 851 2634 quasi
886 2578 1145 2619 deliberatio
1172 2580 1319 2634 inepta
1352 2586 1430 2618 est.
1493 2576 1602 2620 Vel-

138 2655 224 2698 lem
267 2657 310 2697 in
355 2657 506 2698 eadem
557 2659 753 2698 oratione
796 2661 819 2710 §
869 2660 951 2699 149
1002 2660 1301 2714 scripsissem,
1344 2658 1455 2713 quod
1502 2672 1601 2699 sen-

138 2737 276 2778 tentia
314 2735 533 2793 postulat:
575 2736 664 2778 laec
705 2744 808 2779 acta
848 2751 919 2779 res
962 2744 1040 2789 est,
1083 2744 1130 2779 nt
1163 2742 1202 2779 ic·
1231 2739 1326 2794 (pro
1359 2739 1449 2791 ull)
1479 2737 1601 2778 nobi-

140 2814 204 2855 les
242 2819 578 2858 restituerentur
630 2820 677 2858 ιἰι
731 2821 980 2869 civitatem,
1032 2821 1109 2873 qni
1144 2816 1225 2858 hoc
1255 2817 1471 2868 facerent
1518 2827 1599 2859 etc.

142 2893 190 2935 ln
226 2895 529 2951 antiquissima
570 2897 766 2940 codicum
800 2899 1011 2953 scriptura
1044 2896 1134 2939 haec
1166 2896 1275 2937 nihil
1307 2896 1597 2949 dirimebant,-
