1821 3309
243 199 343 247 3⁴14

174 345 291 380 recte
323 334 483 384 taceri,
531 340 574 374 et
622 346 719 374 esse
767 332 878 373 hanc
924 346 1095 387 quoqne
1138 332 1296 386 prioris
1336 328 1517 371 familiae
1550 331 1647 385 pro-

173 417 310 471 priam
355 411 758 466 interpolationem.
847 410 991 465 (Apud
1039 409 1279 449 Soldanum
1333 411 1376 450 in
1433 410 1648 449 varietate

172 494 397 547 scripturae
433 505 510 545 pro
543 489 656 532 Gud.
691 492 712 530 1
749 487 998 544 appellatur
1030 486 1144 528 Gud.
1173 489 1224 538 2,
1255 488 1330 528 sed
1363 501 1485 529 error
1513 501 1648 542 appa-

172 580 238 613 ret
272 586 313 626 p.
343 570 431 622 83).

284 650 307 698 ξ
337 649 394 687 27
425 646 588 687 editum
624 654 690 686 cst
723 644 777 686 ab
810 644 1013 686 omnibus
1046 659 1183 700 usqne
1217 644 1270 685 ad
1303 652 1501 685 nostrum
1537 652 1645 684 tent·

169 740 272 783 pus:
323 725 489 766 Multis
531 725 608 764 ille
652 723 822 778 quidem
864 722 1082 779 grude'bus
1113 721 1360 772 officiorum
1396 737 1504 778 erga
1532 736 1643 763 rem-

162 804 254 860 pub
276 809 387 844 icam
430 809 619 843 nostram
663 803 724 843 ad
764 801 845 842 leoc
889 806 1058 856 reglum
1101 815 1253 842 nomen
1297 801 1522 849 uscendit5
1566 801 1648 842 sed

170 890 314 924 lamen
349 891 446 933 etc.‚
480 891 522 922 ct
551 880 780 922 confirmat
815 896 908 920 eam
943 882 1200 935 scripturam
1230 878 1343 920 Gud.
1377 880 1395 920 Ι
1427 895 1522 921 cum
1554 888 1644 920 tota

167 961 338 1002 familia
359 959 512 1000 altera.
574 960 685 1000 Ecce
714 959 934 1009 Klotzius‚
965 957 1232 1006 Beneckius,
1267 958 1486 999 Soldnnus
1516 953 1643 998 nobis

172 1054 229 1081 ex
260 1039 375 1089 Erf„
416 1037 530 1078 Gud.
571 1040 623 1088 2,
669 1036 848 1088 salisb„
891 1037 991 1078 Par.
1034 1036 1105 1078 XI
1143 1036 1437 1078 substituunt:
1480 1036 1645 1079 Multis

166 1117 337 1172 quidem
371 1117 473 1163 2·lle;
505 1117 719 1156 rationem
756 1117 886 1156 etiam
919 1114 1169 1166 ascribunt,
1212 1115 1433 1157 soldanus
1464 1115 1640 1171 quidem

168 1195 237 1236 his
256 1194 430 1236 verbis:
463 1193 638 1235 ”Verba
665 1196 778 1233 enim
807 1195 952 1234 mullis
975 1194 1260 1248 gradibns—
1279 1192 1479 1234 izscemlt't
1508 1209 1644 1250 oppo-

167 1281 328 1313 nuntur
354 1274 424 1320 iis,
457 1286 549 1326 quae
579 1271 928 1326 subsequuntur:
962 1272 1040 1311 sed
1058 1278 1202 1312 lamen
1233 1281 1331 1321 etc„
1364 1274 1545 1328 eiusque
1576 1274 1642 1314 rei

166 1366 296 1392 causa
327 1350 378 1390 ad
407 1351 552 1389 mullis
575 1350 864 1390 retrahendus
895 1357 961 1388 est
989 1359 1209 1400 accentus,
1241 1365 1320 1390 nec
1343 1350 1512 1405 qete‘dem
1545 1366 1643 1406 pro-

165 1429 340 1469 nomine
374 1429 451 1467 z'lle
482 1429 712 1467 interiecto
757 1427 810 1467 ab
851 1427 930 1467 illo
975 1429 1068 1480 ipso
1102 1429 1247 1468 mullis
1277 1428 1641 1483 seiungenduin’'‚

165 1508 406 1562 codemque
439 1507 566 1546 modo
599 1504 862 1548 Beneckius.
929 1505 1083 1562 Itaque
1122 1515 1267 1546 notam
1312 1505 1457 1561 legem
1491 1506 1641 1547 Latini

161 1586 377 1626 sermonis
404 1583 701 1637 (Ciceroniani
737 1593 779 1624 et
808 1584 1028 1639 Augustei
1054 1585 1279 1639 temporis)
1313 1593 1386 1624 aut
1411 1586 1641 1640 ignorasse

162 1665 364 1705 videntur
406 1672 505 1713 aut,
560 1672 606 1702 ut
649 1661 871 1703 codicibus
923 1662 1014 1702 illis
1073 1661 1453 1718 gratificnrcntur,
1513 1661 1641 1704 obliti

161 1756 274 1792 esse,
305 1741 378 1782 ubi
412 1741 673 1781 concedatur
704 1740 867 1795 aliquid
901 1741 1197 1795 (praedicatum
1231 1740 1425 1795 aliquod,
1453 1750 1499 1781 ut
1526 1755 1641 1782 nunc

159 1818 396 1874 loquimur)
439 1820 483 1858 in
525 1818 672 1872 aliquo
703 1818 918 1869 subiecto,
958 1819 1117 1858 deinde
1150 1820 1416 1859 contrarium
1459 1818 1639 1859 subiun-

158 1907 313 1952 gatur,
347 1896 408 1936 ibi
441 1898 761 1951 oppositionem
797 1910 968 1951 semper
1000 1896 1123 1936 illum
1158 1897 1330 1951 quidem
1368 1897 1410 1936 in
1447 1910 1494 1936 re
1531 1911 1633 1937 con-

157 1989 282 2016 cessa
315 1989 430 2023 esse,
470 1975 543 2014 sed
578 1975 630 2014 ad
653 1971 758 2014 'eam
792 1975 1026 2014 notandam
1060 1976 1279 2029 interponi
1312 1989 1552 2029 pronomen
1582 1975 1636 2016 ad

156 2052 416 2103 subiectum,
448 2053 499 2092 (le
533 2067 616 2107 quo
649 2053 928 2101 concedatur,
957 2056 1180 2108 pertinens
1213 2055 1340 2108 eique
1374 2052 1634 2108 particulam

157 2129 380 2169 adhaerere
422 2129 544 2169 nullo
589 2130 805 2183 singulari
841 2133 1111 2184 pronominis
1145 2131 1361 2185 pondere,
1404 2131 1480 2170 sed
1517 2131 1631 2185 quod

155 2206 238 2247 hoc
282 2207 422 2260 ipsum
466 2208 736 2260 pronominis
785 2222 941 2247 munus
989 2210 1046 2247 sit
1092 2209 1166 2260 (ex
1215 2222 1299 2262 quo
1344 2208 1501 2248 dicitur
1534 2209 1635 2249 nolo

154 2284 367 2338 equidem,
410 2297 493 2323 non
525 2285 623 2323 nolo
655 2285 823 2339 quidem
860 2299 955 2339 ego,
996 2300 1091 2336 nec,
1131 2286 1348 2340 quomodo
1382 2300 1496 2326 nunc
1539 2287 1633 2328 fere

155 2361 381 2408 scribunt,
414 2362 513 2401 nolo
548 2362 756 2417 quidem).
817 2362 929 2404 Nam
959 2365 994 2403 si
1027 2363 1173 2418 legem
1203 2365 1467 2415 tenuissent,
1501 2363 1634 2406 aliam

152 2441 486 2481 excusationem
542 2442 826 2494 quaesissent,
888 2456 974 2482 non
1027 2440 1179 2492 illam,
1249 2455 1343 2497 quae
1393 2457 1419 2483 a
1473 2441 1635 2484 Latina

151 2519 420 2573 proprietate
477 2533 656 2573 prorsus
709 2519 898 2560 aberrat.
971 2519 1217 2560 Rarissima
1261 2522 1446 2574 reperiri
1478 2535 1632 2561 exem-

151 2595 226 2650 pla
259 2598 528 2650 pronominis
563 2598 789 2651 particulae
827 2598 1040 2649 subiecti,
1088 2599 1185 2638 dixi
1219 2598 1272 2638 ad
1302 2598 1398 2639 Fin.
1434 2597 1535 2638 libr.
1568 2597 1635 2639 IV

150 2676 173 2724 ς
203 2674 285 2724 43,
334 2674 408 2713 uhi
461 2689 547 2728 non
602 2685 720 2717 recte
763 2678 920 2732 scripsi
970 2676 1022 2717 de
1079 2675 1337 2717 melioribus
1403 2674 1629 2717 codicibus

151 2749 505 2792 Tusculanarum
554 2755 597 2793 in
641 2753 742 2795 libr.
782 2757 805 2795 1
839 2755 861 2809 §
891 2757 972 2804 223
1032 2769 1133 2796 nam
1176 2755 1316 2796 codex
1359 2754 1550 2809 regiuS‚'
1587 2762 1635 2799 ut

154 2841 253 2869 euin
286 2827 495 2879 decebat,
524 2845 677 2873 verum
710 2833 906 2875 ordinem
941 2833 1088 2876 habet.
1153 2830 1307 2888 Neque
1338 2832 1382 2872 in
1422 2830 1506 2873 hoc
1541 2829 1631 2873 De-
