1821 3309
249 201 344 252 122

174 344 289 400 quod
320 343 453 382 solum
478 338 669 394 populas
706 338 928 379 Romanus
952 350 1038 391 par
1071 341 1253 392 imperio
1284 336 1452 389 habuit,
1488 351 1644 392 cogno-

172 435 306 463 scere.
365 420 477 462 Sunt.
509 418 705 475 quaedam
731 417 927 458 codicum
963 417 1266 471 discrepantiae
1295 432 1320 458 a
1350 416 1541 457 Grutero
1572 430 1648 457 no—

172 508 284 551 tatae,
325 513 420 555 quae
451 507 595 540 tamen
627 498 719 539 fere
751 505 917 537 tantum
954 496 1005 538 ad
1030 500 1164 551 potul
1193 512 1218 537 a
1251 495 1476 538 nonnullis
1508 509 1644 549 prave

171 581 214 621 in
242 582 481 634 potuissem
510 585 739 627 mutatum,
773 577 897 632 quasi
929 575 971 616 id
1005 576 1058 616 ad
1093 575 1441 618 condicionalem
1473 584 1648 616 senten·

172 659 275 699 tiam
299 658 444 712 aptius
476 665 607 707 esset,
642 656 862 711 pertinent
897 663 939 695 et
977 655 1029 695 ad
1062 668 1170 706 enm,
1208 656 1321 711 quod
1346 669 1497 696 omnes
1520 654 1644 696 codd.

170 738 371 778 omittere
418 735 620 775 videntur
643 735 691 784 Ι).
758 731 900 773 Nimis
943 734 1078 788 igitur
1125 733 1331 774 audacter
1374 735 1529 785 secuit,
1571 734 1643 789 qui

169 814 212 856 id
247 816 409 866 effecit,
452 813 575 878 quod‘
607 813 650 853 in
693 811 885 852 editione
929 809 1166 866 Bipontina
1201 814 1399 866 reperio:
1432 813 1645 868 Alioquin

170 898 216 935 in
248 895 324 935 illo
360 893 614 943 atr-tolosae
645 905 728 946 qao
765 890 851 931 dno
880 889 1075 945 grandes
1107 914 1163 920 —-
1199 890 1448 932 declamare
1479 892 1646 941 solitos,
1680 934 1683 935 ⁷

167 976 295 1028 potue·
324 971 438 1013 illud
466 974 690 1025 ingenium
722 992 777 1000 -
809 982 1085 1023 cognoscere.
1143 967 1299 1024 Neque
1332 979 1447 1011 recte
1482 967 1646 1011 addidit

169 1051 335 1091 solitos.
400 1047 512 1090 Nam
556 1047 764 1089 narrabat
798 1047 952 1088 Cicero
997 1049 1041 1088 iu
1085 1048 1300 1102 epistolis,
1334 1048 1436 1090 illos
1469 1064 1520 1090 eo
1549 1050 1644 1103 ipso

170 1138 367 1183 tempore
412 1141 559 1168 secum
604 1126 850 1167 declamare
892 1126 998 1179 (vid.
1031 1126 1152 1169 Suet.
1184 1127 1236 1167 de
1268 1127 1430 1168 rhetor.
1464 1130 1523 1177 1).
1590 1126 1644 1168 Et

171 1218 317 1249 tamen
361 1206 564 1247 mendum
608 1205 789 1257 haerere,
835 1220 888 1245 ne
925 1204 1035 1245 illud
1071 1219 1425 1253 commemorem,
1468 1206 1521 1246 de
1557 1219 1642 1261 quo

170 1300 282 1326 nunc
317 1286 619 1326 controversia
650 1293 730 1334 est,
763 1292 882 1339 patet
915 1298 1045 1338 quum
1079 1298 1137 1324 ex
1170 1284 1341 1325 defectu
1375 1285 1641 1340 pronominis

166 1366 211 1405 in
251 1362 474 1405 codicibus
508 1372 596 1403 tum
643 1377 699 1402 ex
732 1363 1038 1403 coniunctione
1079 1363 1256 1402 audisse
1292 1369 1336 1403 et
1366 1376 1642 1418 cognoscere,

167 1457 260 1499 quae
293 1438 434 1498 poetis
466 1440 557 1482 haec
589 1454 742 1482 versus
775 1439 951 1481 modulo
987 1439 1419 1481 accommodantibus
1462 1442 1638 1482 concedi

166 1529 327 1578 potest,
372 1520 472 1561 huic
514 1520 716 1575 scriptori
750 1518 872 1560 nullo
914 1518 1056 1559 modo.
1123 1518 1380 1574 Legendum
1413 1528 1479 1560 est
1508 1517 1642 1560 lenis·

164 1602 276 1641 sima
307 1600 571 1641 mutatione:
603 1599 816 1654 Alioquin
850 1601 895 1638 in
926 1598 1004 1638 illo
1037 1598 1197 1638 atriolo
1223 1622 1266 1627 —
1290 1597 1489 1638 adesse
1513 1601 1643 1652 potui

163 1684 207 1720 et
239 1702 283 1708 —-
318 1691 595 1733 cognoscere.
663 1677 794 1732 Apud
841 1677 981 1729 ipsum
1027 1691 1199 1732 quoque
1246 1675 1503 1717 Ciceronem
1543 1691 1639 1731 per·

163 1758 323 1799 fectum
365 1755 575 1797 infinitivi
619 1757 681 1797 sic
721 1756 910 1810 positum
962 1769 1058 1795 esse
1100 1755 1152 1795 de
1199 1754 1395 1796 Divinat.
1428 1755 1470 1796 ΙΙ
1512 1757 1638 1807 §73‚

162 1837 355 1886 fuerunt,
395 1836 465 1890 qui
515 1842 717 1889 putarent
760 1832 816 1873 ob
838 1824 1139 1874 ‘insolentiam
1183 1832 1375 1888 aliquam
1423 1835 1636 1874 orationis

161 1917 397 1956 iuncturae:
449 1913 551 1954 Tam
590 1917 728 1968 igilur
770 1917 885 1952 esset
920 1915 1175 1966 auspicium,
1219 1915 1261 1952 si
1289 1911 1410 1952 modo
1445 1917 1557 1953 esset
1595 1916 1640 1953 ei

161 1993 356 2042 liberum,
399 2006 444 2033 se
479 1992 731 2033 oslendt'sse.
798 1990 885 2032 Sed
919 1989 1072 2031 Cicero
1105 2005 1151 2031 se
1184 1991 1423 2033 ostendisse
1459 2005 1545 2031 non
1581 1991 1632 2032 ad

160 2071 341 2113 liberum
370 2077 480 2111 esset
499 2070 683 2121 rettulit,
715 2069 788 2110 sed
809 2069 862 2110 ad
888 2073 1131 2123 auspicium
1161 2075 1275 2110 esset
1297 2078 1501 2125 tanquam
1532 2069 1634 2111 sub·

159 2152 342 2191 iectum:
375 2148 543 2189 ’'Ax-em
573 2162 618 2188 se
644 2148 888 2188 ostendisse
921 2148 1038 2200 (dass
1061 2147 1137 2188 der
1165 2147 1312 2202 Vogel
1339 2146 1431 2188 sich
1455 2149 1632 2203 gezeigt

161 2227 315 2280 hatte),
346 2227 587 2280 auspicium
623 2225 778 2266 esset.”

270 2304 331 2346 At
374 2303 510 2345 multo
555 2303 680 2357 plura
728 2303 930 2359 exempla
975 2303 1104 2344 huius
1147 2304 1297 2344 aoristi
1350 2301 1628 2353 habemini,

162 2397 269 2439 quos
296 2384 652 2434 commemorari,
681 2383 957 2439 grannuatici
988 2390 1030 2424 et
1050 2384 1328 2437 interpretes.
1386 2381 1629 2423 Videamus

184 2564 214 2606 ¹)
253 2561 366 2604 Quod
401 2561 519 2596 codex
557 2560 675 2595 Palat.
702 2563 723 2594 3
760 2565 849 2607 post
883 2562 1056 2608 alioquin
1080 2559 1196 2594 hahet
1220 2561 1427 2606 potuissem
1453 2573 1532 2594 eum
1561 2572 1625 2594 ‹112-

249 2623 409 2663 ἀίυίεεε,
432 2623 492 2663 id,
520 2634 638 2668 quum
661 2621 763 2656 idem
788 2627 894 2657 recto
920 2622 1006 2657 loco
1029 2621 1169 2656 habeat
1194 2623 1348 2656 audisse
1371 2623 1502 2666 potui,
1544 2625 1623 2656 tan-

252 2688 332 2716 tum
361 2683 492 2724 abest,
529 2689 574 2717 ut
602 2685 685 2729 ipsa
711 2683 791 2718 haec
816 2683 932 2718 verba
963 2688 1139 2731 suspecta
1167 2683 1308 2723 saciat,
1349 2686 1394 2716 ut
1425 2682 1627 2717 confirmet

246 2744 371 2781 ctiam.
425 2745 520 2779 Nam
545 2744 719 2788 librarii,
763 2757 833 2779 nec
873 2745 1020 2779 iustum
1055 2745 1228 2780 ordinem
1253 2743 1422 2778 serentes
1451 2755 1522 2778 nee
1559 2755 1616 2779 re-

246 2810 349 2839 ctum
376 2804 483 2839 verbi
513 2806 692 2848 modum,
733 2818 777 2841 ex
818 2819 906 2844 vcra
941 2808 1127 2844 hactenus
1164 2805 1354 2853 scriptura
1382 2817 1488 2840 suam
1516 2805 1618 2841 illam

246 2867 581 2915 interpolationem
606 2866 822 2903 effecerunt.
