1821 3309
276 196 342 246 92

207 336 315 378 culae
347 348 450 377 mox
481 344 523 377 et
553 341 667 390 post.
731 335 878 380 Plaut,
914 334 1038 393 Capt.
1075 336 1110 389 Ι,
1139 339 1181 389 2,
1215 339 1295 380 91:
1326 337 1430 390 (Ibo
1448 341 1564 380 intro
1581 339 1680 393 dec.)

205 415 282 457 Ad
296 413 522 468 fratrem,
555 430 636 471 quo
669 420 734 457 ire
765 416 991 467 dixeram,
1025 430 1127 458 moa:
1157 421 1304 466 iver-05
1349 416 1496 458 Casin.
1529 415 1612 468 111,
1636 418 1682 467 2,

206 495 282 536 15:
308 500 412 550 post
445 496 685 536 'convertero
729 496 822 549 (sed
856 511 897 536 v.
930 497 1005 537 18:
1044 495 1121 538 ubi
1151 500 1317 552 nuptia
1348 495 1553 547 Fuerint,
1591 501 1682 537 tum

205 577 331 615 istam
363 574 652 628 convem‘bo),·
684 574 887 616 Pseudol.
910 575 968 627 ΙΙ,
998 577 1042 625 2,
1072 578 1150 618 52;
1186 582 1232 617 at
1263 591 1357 631 ego,
1390 575 1563 632 quando
1585 588 1680 617 eum

204 666 297 693 esse
329 652 508 693 censebo
541 653 670 704 domi,
704 655 894 705 rediero,
929 663 971 695 et
1001 654 1059 705 ΙΙ,
1089 657 1131 706 4,
1164 657 1248 696 31:
1295 655 1417 696 vobis
1443 660 1546 710 post
1574 668 1677 696 nar-

203 745 375 782 ravero,
410 741 453 773 et
484 731 551 782 11,
586 733 637 782 4,
666 733 743 773 65:
783 736 874 787 ‘ipsc’
903 733 1062 774 dixero
1098 735 1202 787 (non
1234 733 1314 774 tibi
1350 732 1498 789 nunc).
1563 732 1678 775 Add.

201 810 321 854 Pers.
352 810 412 863 ΙΙ,
440 812 484 861 2,
517 814 558 863 3,
591 811 776 853 Trucul.
810 811 868 862 ll,
894 813 937 862 6,
963 813 1034 862 66,
1069 810 1251 852 Terent.
1281 811 1390 853 Hec.
1416 812 1497 864 IV,
1526 814 1567 864 4,
1597 814 1675 856 ⁴78.

202 888 447 932 Coniuncta
481 900 625 932 aunem
667 906 762 932 cum
798 891 1032 931 differendi
1066 892 1245 932 notione
1280 900 1346 932 est
1379 904 1492 932 curae
1527 898 1602 931 aut
1631 891 1676 931 in

201 967 336 1010 alium
374 978 449 1010 aut
482 970 525 1009 in
558 984 604 1010 se
637 970 976 1020 transferendae,
1013 984 1097 1025 quo
1139 969 1270 1010 simul
1306 985 1358 1011 ea
1389 984 1493 1012 cura
1524 969 1674 1011 differ-

200 1057 284 1089 tur.
357 1047 510 1103 Itaque
552 1050 614 1089 sic
655 1049 771 1089 dixit
817 1047 1056 1089 Terentius
1097 1048 1239 1089 Andr.
1273 1048 1331 1100 ΙΙ,
1364 1051 1407 1100 6,
1438 1051 1514 1091 25:
1555 1047 1674 1104 Ego,

199 1130 323 1168 islaec
355 1133 474 1168 recle
508 1133 556 1168 ut
569 1126 709 1178 fiant,
740 1127 907 1177 videro,
941 1136 983 1167 et
1016 1127 1207 1182 Adelph.
1238 1127 1320 1178 IV,
1351 1130 1392 1178 1,
1423 1129 1503 1168 22:
1545 1125 1675 1182 Fuge

201 1206 322 1247 modo
356 1210 495 1255 inlro3
526 1220 605 1260 ego
640 1206 815 1254 videro,·
849 1207 925 1247 cfr.
961 1205 1153 1261 Adelph.
1187 1205 1245 1256 V,
1277 1207 1300 1245 1
1334 1206 1412 1259 (3),
1442 1207 1499 1247 59
1529 1204 1672 1253 et111,

196 1285 328 1335 3,83‚
364 1284 439 1325 ubi
471 1294 559 1327 est:
595 1286 648 1325 de
680 1289 790 1326 istoc
820 1289 912 1340 ipse
938 1285 1116 1326 viderit.
1176 1283 1269 1326 Nec
1300 1283 1392 1326 ulla
1424 1293 1491 1326 est
1523 1299 1672 1336 causa,

198 1375 272 1403 cur
302 1362 437 1418 vulgo
472 1363 523 1404 ad
558 1379 689 1405 unum
722 1379 873 1405 omnes
907 1365 1182 1419 grammatici
1213 1363 1295 1404 hoc
1326 1372 1594 1418 postremum
1627 1372 1671 1404 et

196 1441 360 1483 similia
395 1442 582 1499 plurima
614 1443 727 1498 apud
773 1458 925 1484 omnes
957 1445 1193 1498 scriptores
1227 1444 1508 1483 coniunctim
1541 1442 1670 1484 modo

196 1522 495 1577 (permissivo)
527 1522 641 1563 diota
673 1531 840 1577 putent,
872 1523 1133 1563 adversante
1166 1523 1314 1578 primae
1346 1535 1545 1577 personae
1573 1535 1668 1565 usu.

196 1599 336 1642 Nemo
369 1602 483 1642 enim
511 1601 642 1658 legit:
677 1601 775 1656 Ego
811 1601 1021 1652 viderim,
1053 1601 1093 1641 id
1127 1609 1219 1652 est,
1253 1602 1480 1657 permitte,
1512 1609 1560 1642 ut
1584 1614 1668 1658 ego

196 1680 382 1721 videam.
448 1679 515 1722 Ac
547 1695 602 1721 ne
633 1681 729 1735 quis
761 1679 947 1732 dubitet,
977 1679 1190 1720 Heinsius
1224 1680 1275 1721 ad
1296 1679 1428 1721 Ovid.
1460 1694 1519 1721 ex
1543 1679 1668 1721 Pont.

194 1757 228 1809 Ι,
257 1760 299 1809 2,
331 1761 359 1799 9
391 1757 590 1799 Graecum
623 1760 920 1813 comparavit:
952 1758 997 1800 τί
1031 1756 1147 1813 πρὸς
1177 1755 1328 1813 ἦμᾶςς
1361 1754 1417 1802 ου’
1451 1755 1573 1811 ὄψει.

304 1836 384 1878 Vl.
446 1836 573 1886 Quod
607 1837 702 1877 dixi
734 1837 786 1877 de
819 1838 998 1877 notione
1024 1838 1209 1878 actionis
1236 1837 1391 1878 suturae
1411 1851 1505 1878 cum
1525 1835 1664 1877 altera

190 1915 509 1970 quodammodo
554 1930 784 1965 connexae,
827 1916 870 1956 id
903 1917 1098 1956 maxime
1130 1918 1173 1956 in
1206 1917 1259 1956 iis
1291 1915 1401 1956 locis
1433 1912 1663 1957 confirma-

190 2005 274 2045 tur,
305 1993 380 2035 ubi
415 1995 467 2035 de
499 1996 670 2036 actione
694 1994 877 2035 alteram
911 1994 1208 2050 subsequente
1235 1995 1428 2036 futurum
1454 2002 1662 2036 exactum

188 2073 370 2123 dicitur,
419 2082 467 2113 ut
508 2075 594 2114 iam
637 2088 721 2114 non
762 2075 890 2114 modo
928 2076 1138 2128 praeteriti
1182 2073 1294 2114 nihil
1325 2075 1368 2114 in
1402 2087 1449 2114 se
1484 2071 1661 2124 habeat,

188 2151 265 2192 sed
293 2150 518 2192 ulterioris
550 2152 686 2192 futuri
716 2151 814 2192 loco
841 2153 912 2192 sit.
986 2152 1251 2193 Huiusmodi
1287 2152 1378 2193 haec
1411 2159 1514 2192 sunt
1546 2150 1659 2205 apud

188 2229 420 2271 Plautum:
454 2228 653 2270 Mostell.
688 2229 768 2280 ΙΙΙ,
795 2232 839 2278 3,
872 2232 947 2272 18:
991 2231 1072 2272 Vel
1099 2230 1207 2271 nn'lcz'
1237 2230 1546 2278 detmmera103
1579 2243 1659 2285 ego

185 2309 261 2350 illi
293 2321 424 2362 porro
467 2307 834 2360 dementer-avem,
875 2318 917 2350 et
948 2309 1007 2360 V,
1043 2311 1085 2360 2,
1114 2311 1190 2351 22;
1223 2306 1394 2363 Surge,·
1437 2321 1517 2363 ego
1557 2311 1660 2349 istic

186 2387 406 2438 assedere,
437 2395 480 2427 et
510 2385 771 2427 Menaechm.
806 2386 887 2438 III,
920 2389 962 2438 3,
995 2389 1074 2429 21:
1108 2387 1183 2428 Da
1214 2387 1340 2428 sodes
1371 2385 1447 2427 abs
1474 2392 1532 2438 le,
1555 2391 1660 2442 post

184 2479 263 2521 ego
295 2465 529 2506 reddidero
560 2464 659 2513 tibi,
693 2474 736 2506 et
763 2465 899 2506 Poen.
927 2465 986 2514 V,
1016 2468 1059 2517 2,
1092 2467 1168 2507 24:
1202 2463 1258 2506 St
1285 2478 1372 2506 non
1403 2465 1657 2521 (responde-

185 2543 324 2597 bunt),
356 2550 442 2585 lum
475 2544 535 2585 ad
562 2542 709 2584 horum
745 2557 882 2584 mores
908 2545 1105 2599 linguam
1141 2549 1329 2585 vortere.
1666 2531 1668 2534 ’

275 2720 351 2754 tius
379 2720 460 2755 eius
487 2721 542 2755 rei
570 2721 918 2756 considerationem
940 2721 1136 2769 promittit
1160 2733 1237 2755 non
1255 2720 1532 2756 brevissimam.
1557 2719 1651 2765 (Das

276 2780 371 2816 wird
398 2785 525 2829 spfitcr
549 2782 767 2819 hetrachtet
795 2784 962 2827 werden,
990 2797 1036 2820 zu
1061 2782 1288 2819 hetrachten
1319 2780 1446 2830 seyu.)
