1821 3309
317 209 415 258 272

360 347 409 392 C·
447 349 491 397 7,
532 348 588 388 23
629 346 763 388 edidi:
802 344 919 387 Num
959 349 1098 401 igitur
1137 346 1266 398 lnmc,
1308 359 1406 387 num
1452 345 1700 397 Homerum,

251 440 347 467 num
372 426 620 476 Hesiodum,
655 424 934 476 Simonidem,
963 423 1253 466 Stesichorum
1283 448 1339 457 —
1370 429 1515 480 coegit
1539 429 1585 467 in
1616 430 1706 467 suis

251 505 407 546 studiis
454 504 743 545 obmutescere
778 505 1009 544 senectus?
1051 503 1201 560 Vulgo
1235 518 1333 545 num
1369 512 1469 545 ante
1504 504 1590 546 duo
1624 518 1706 545 ex-

252 591 389 623 trema
430 584 606 623 nomina
664 583 873 637 repetitur
919 590 1068 623 contra
1112 583 1281 623 codices
1327 583 1460 637 paulo
1503 582 1708 624 meliores

253 675 428 708 omnes3
455 675 539 701 non
571 669 687 701 recte
722 659 926 701 Klotzius
960 662 1091 701 etiam
1118 670 1218 700 ante
1253 660 1490 702 Hesiodum
1521 663 1710 716 particu-

255 738 338 780 lam
361 739 553 780 sustulit.
619 738 668 779 In
694 738 942 779 huiusmodi
971 740 1301 780 coacervatione
1325 738 1539 794 particula
1563 738 1708 781 aliave

257 832 344 858 vox
379 819 618 858 communis
654 818 697 856 in
738 818 889 872 primis
930 817 1134 858 membris
1170 818 1394 872 repetitur,
1423 819 1466 858 in
1498 819 1710 873 extremis

259 897 472 936 omittitur
521 911 617 936 cum
662 896 846 951 quadam
893 896 1106 936 eiusmodi
1151 895 1417 950 aequalitate,
1460 895 1600 951 qualis
1643 895 1712 937 hic

255 973 438 1016 efficitur
460 976 503 1014 in
530 975 724 1016 codicum
748 975 984 1029 scriptura3
1009 975 1084 1015 cfr.
1104 973 1231 1014 verr.
1244 973 1301 1023 V,
1323 975 1396 1021 51,
1432 976 1514 1015 133
1545 974 1713 1030 (quem-

256 1052 485 1092 admodum
533 1068 557 1093 a
611 1067 677 1093 me
722 1060 764 1092 et
807 1052 1011 1106 Zumptio
1062 1067 1085 1091 e
1130 1052 1250 1094 codd.
1295 1051 1418 1093 locus
1459 1052 1713 1093 emendatus

257 1130 372 1182 est):
416 1129 513 1170 Hoc
553 1130 868 1179 Amestratini,
916 1129 995 1169 lzoc
1035 1128 1341 1179 Herbitenses,
1396 1129 1712 1184 Agyrinenses,

263 1207 560 1261 Tyndaritani
589 1207 767 1261 publice
808 1208 981 1255 dicunt3
1022 1222 1099 1262 pro
1130 1205 1252 1247 Cael.
1286 1208 1356 1255 14,
1399 1208 1478 1248 33:
1521 1221 1606 1248 nou
1633 1221 1713 1262 pa-

258 1291 415 1335 truum,
464 1298 548 1324 uon
596 1298 738 1334 avum,
781 1298 1006 1338 proavum,
1048 1290 1222 1324 atavum
1254 1284 1461 1325 audieras
1501 1286 1714 1326 consulem

244 1362 413 1412 fusse?
468 1376 544 1416 pro
587 1361 685 1402 Mil.
725 1365 767 1412 7,
809 1364 892 1402 20:
949 1364 1026 1415 qui
1058 1361 1279 1412 Drusum,
1321 1365 1399 1417 qui
1435 1361 1716 1414 Africanum,

261 1442 528 1494 Pompeium,
563 1444 843 1494 nosmetipsos
879 1447 961 1479 etc.
981 1439 1029 1492 ¹).

372 1516 477 1573 Cap.
509 1520 551 1569 8,
592 1520 648 1558 26
678 1517 887 1559 edebatur
925 1516 978 1557 ab
1016 1516 1239 1558 omnibus:
1271 1523 1319 1558 ut
1353 1516 1552 1559 Solonem
1583 1523 1719 1559 verse·-

260 1595 336 1636 bus
360 1597 624 1650 gloriantem
650 1597 857 1647 videmus,
888 1599 966 1650 qui
992 1609 1037 1635 se
1064 1596 1259 1650 quotidie
1289 1594 1460 1650 aliquid
1487 1594 1716 1636 addiscen-

258 1680 340 1714 tem
383 1673 492 1714 decit
530 1688 671 1714 senem
687 1674 825 1724 fieri3
858 1680 904 1715 ut
937 1687 1016 1728 ego
1036 1672 1156 1724 feci,
1190 1676 1268 1728 qui
1295 1682 1377 1714 etc.
1442 1672 1528 1713 Sed
1564 1673 1717 1727 optimi

261 1751 431 1792 codices
463 1752 589 1807 (regn,
623 1752 772 1803 T1·ev.,
807 1753 915 1803 Erf„
944 1760 1155 1806 praelerea
1190 1752 1274 1791 duo
1305 1750 1595 1801 Dresdenses,
1625 1750 1719 1803 alii)

262 1828 446 1870 habent:
494 1835 541 1870 ut
583 1836 624 1870 ec
668 1829 894 1877 Solonem3
939 1831 1084 1884 itaque
1131 1843 1214 1869 non
1259 1834 1303 1869 et
1331 1828 1588 1879 tollendum,
1628 1828 1718 1876 sed,

262 1906 401 1946 altero
438 1912 486 1946 ut
514 1907 558 1946 in
593 1912 636 1947 et
664 1916 843 1957 mutato,
875 1907 1106 1947 vincienda
1137 1908 1275 1947 oratio
1307 1914 1400 1947 erat
1433 1906 1499 1959 (ut
1528 1912 1572 1947 et
1594 1904 1718 1948 Solo-

261 1997 354 2025 nem
399 1984 593 2025 versibus
628 1986 893 2039 gloriantem
932 1985 1125 2026 videmus
1165 2007 1219 2015 —
1262 2008 1319 2016 —
1364 1989 1406 2024 et
1453 1999 1533 2039 ego
1562 1983 1719 2039 feci),-

262 2076 402 2117 neque
447 2064 561 2102 enim
610 2064 653 2103 in
698 2064 778 2105 hac
822 2064 1037 2105 brevitate
1085 2071 1125 2104 et
1160 2062 1310 2103 sedato
1343 2076 1469 2102 cursu
1500 2063 1722 2118 anaphora

264 2138 434 2194 placere
465 2147 650 2193 poterat.

378 2214 482 2268 Cap.
517 2218 586 2265 10,
630 2215 679 2256 31
710 2215 919 2257 hactonus
952 2218 1159 2271 scriptum
1203 2217 1307 2258 fnit:
1338 2230 1545 2270 nusquam
1587 2224 1723 2272 optat,

266 2299 311 2334 ut
340 2293 499 2334 Aiacis
539 2294 702 2334 similes
727 2292 885 2335 habeat
918 2294 1079 2346 decem,
1121 2301 1166 2336 at
1198 2300 1244 2336 ut
1278 2294 1502 2336 Nestoris:
1543 2296 1659 2350 quod
1685 2301 1727 2337 si

361 2485 531 2519 Orellius
567 2484 734 2520 confisus
771 2486 852 2530 sit),
888 2485 1077 2532 Rrarupio
1113 2490 1274 2520 tacente.
1333 2485 1378 2519 ln
1414 2484 1634 2520 Haenelinno
1667 2490 1725 2520 est

359 2557 449 2580 sane
475 2548 662 2592 ignobilis.

297 2607 325 2648 ¹)
363 2605 480 2639 Paulo
509 2612 596 2642 ante
622 2612 654 2652 6,
682 2611 728 2641 20
754 2608 819 2654 qui
845 2608 892 2641 ad
917 2608 1070 2642 codices
1097 2609 1318 2649 attenderit,
1341 2620 1418 2642 nou
1445 2606 1628 2653 requiret,
1657 2618 1725 2641 cm·

359 2666 484 2700 mendi
514 2672 642 2701 notam
673 2668 941 2714 apposuerim;
978 2670 1082 2704 aliud
1109 2671 1208 2704 enim
1234 2669 1328 2703 latet
1352 2667 1536 2714 poematis
1562 2678 1723 2708 nomen;

361 2731 398 2759 ct
440 2731 563 2760 tamen
601 2729 641 2762 in
682 2729 900 2763 huiusmodi
929 2730 1099 2765 oditmne
1134 2731 1297 2764 sortasse
1322 2729 1414 2763 satis
1441 2732 1521 2762 erat
1546 2727 1642 2762 illud
1669 2728 1723 2762 si-
1763 2763 1772 2773 l

361 2797 475 2830 gnum
512 2787 562 2821 iis
597 2788 827 2827 adscribere,
862 2802 946 2835 quae
983 2790 1182 2825 sententia}
1217 2793 1284 2823 aut
1317 2788 1502 2824 orationis
1540 2789 1726 2835 pravitate

363 2845 572 2884 offendunt.
