1821 3309
1445 213 1512 261 67

107 365 293 408 nequeo·
357 349 666 392 Dissimillimu
697 360 763 391 est
808 352 922 390 enim
968 365 1042 400 ea,
1091 365 1174 406 qua
1223 366 1281 392 ex
1328 352 1492 394 dixisti
1530 353 1577 395 lit

108 431 230 471 down·
261 429 316 470 ob
351 430 578 484 repetitam
600 428 790 470 litteram
815 427 1080 469 sibilantem.
1151 428 1314 469 Eodem
1346 439 1490 472 tamen
1512 435 1576 473 iu-

106 509 219 550 dicio
257 506 305 550 C.
338 506 393 547 O.
427 505 671 547 Muellerus
704 508 745 547 in
781 506 895 547 libro
927 507 1108 561 egregio
1141 506 1194 547 de
1224 507 1421 548 Etruscis
1453 510 1577 550 vol.l

106 601 146 640 p.
157 588 214 627 37
226 588 350 626 axim
364 584 418 627 ab
440 590 611 627 axerim
627 587 783 640 repetit
806 586 852 638 ¹).
874 584 982 634 Quae
998 594 1141 626 autem
1157 587 1305 641 primae
1321 595 1363 627 et
1376 588 1576 629 secundae

105 665 431 720 coniugationis
463 673 590 715 sunt,
639 674 686 705 ut
721 666 915 714 levasso,
963 663 1242 718 proln‘besso,
1285 665 1487 719 Hjortius
1521 667 1576 708 ab

107 745 287 800 antiqua
315 743 455 785 forma
486 744 621 785 futuri
656 741 780 784 verbi
811 742 1094 795 substantivi,
1113 757 1205 784 esso
1238 744 1365 795 (eso),
1383 746 1576 800 perfecto

105 821 305 864 subiecta
339 823 542 874 deducit,
589 837 675 864 non
722 822 950 863 discedens
989 837 1015 863 a
1058 837 1162 864 vera
1196 824 1367 879 origine
1409 825 1575 875 formae,

107 916 202 956 quae
233 911 299 943 est
328 915 558 953 amavero,
590 902 693 953 sed,
728 903 900 942 etiamsi
930 908 1079 955 posset
1112 915 1280 942 amasso
1314 903 1487 959 seiungi
1521 904 1575 954 ab

106 995 186 1030 eo,
230 980 343 1036 quod
391 989 457 1020 est
484 978 634 1029 faxo,
685 981 728 1019 in
766 978 924 1020 multas
957 988 1103 1019 tamen
1139 979 1337 1019 incidens
1368 980 1577 1024 salebras,

107 1058 220 1101 Nam
250 1073 329 1100 nec
359 1057 494 1099 ullum
531 1066 596 1098 est
627 1058 862 1113 vestigium
883 1057 1032 1098 formae
1051 1071 1136 1097 non
1158 1066 1388 1098 contractae
1410 1061 1577 1110 (amav-

106 1140 236 1192 esso)‚
270 1151 350 1178 nec
379 1151 448 1178 res
481 1136 675 1193 procedit
706 1137 749 1176 in
781 1136 972 1177 secunda
1004 1137 1339 1192 coniugationeg
1390 1137 1579 1180 debebat

105 1218 224 1258 enim
266 1230 364 1257 esse
399 1214 710 1271 pothamo,-
755 1216 900 1271 itaque
945 1213 1115 1270 fingere
1145 1217 1319 1272 cogitur
1345 1215 1576 1270 prohibeo-

107 1309 216 1346 esso,
251 1303 297 1336 ut
329 1295 561 1337 molestum
590 1294 700 1335 illud
734 1308 761 1336 u
796 1293 1044 1345 amoliatur,
1083 1295 1196 1350 quod
1230 1310 1282 1336 ne
1314 1295 1377 1335 sic
1403 1297 1576 1350 quidem

105 1376 394 1416 exterminari
428 1388 474 1415 se
510 1375 696 1430 patitui-3
752 1375 826 1429 qui
857 1374 972 1414 enim
1007 1372 1076 1414 bic
1112 1374 1252 1430 magis
1284 1373 1578 1418 occultaretur

107 1453 404 1494 contrahendo
449 1467 576 1508 quam
622 1454 664 1492 in
692 1451 1093 1506 prohibeo-essem?
1134 1451 1228 1494 Nec
1259 1461 1403 1494 tamen
1423 1452 1577 1508 prohi-

108 1532 269 1573 bessem
301 1533 529 1588 quisquam
562 1530 746 1572 audivit.
812 1530 983 1572 Deinde
1015 1545 1256 1572 amne-eso
1302 1533 1397 1573 sive
1428 1547 1576 1574 amav-

109 1625 203 1652 esso
240 1625 416 1666 prorsus
449 1612 530 1651 erit
564 1610 678 1651 idem
712 1618 841 1666 atque
873 1623 1102 1661 amavero,
1166 1618 1212 1650 ut
1260 1610 1384 1653 nulla
1435 1611 1577 1653 diiun-

106 1692 266 1731 ctionis
308 1698 412 1731 ortae
458 1703 589 1729 causa
629 1688 749 1729 reddi
798 1690 950 1743 possit.
1035 1688 1180 1744 Atque
1214 1688 1306 1730 haec
1335 1699 1487 1732 contra
1518 1692 1577 1732 ci-

110 1783 207 1810 vem
253 1782 394 1808 meum
440 1767 556 1807 dicta
592 1775 738 1807 sunto.
824 1767 912 1808 Sed
955 1766 1094 1808 nihilo
1138 1766 1296 1808 melius
1346 1782 1438 1808 rem
1484 1770 1579 1823 agit

108 1848 314 1890 Struvius
359 1845 524 1900 (Ueber
565 1844 642 1888 lat.
682 1843 856 1885 Declin.
903 1860 945 1889 u.
977 1843 1102 1897 Conj.
1145 1861 1185 1901 p.
1219 1846 1332 1899 177).
1395 1845 1508 1889 Nam
1541 1849 1577 1888 is

107 1926 223 1983 apud
254 1925 584 1981 antiquissimos
620 1922 861 1979 perfectum
899 1925 1168 1964 coniunctivi
1199 1924 1329 1977 (hanc
1361 1926 1477 1967 enim
1501 1941 1578 1981 per

107 2013 246 2047 totum
276 2003 435 2045 librum
467 2003 652 2043 formam
685 2003 899 2057 praeponit
933 2003 1081 2043 futuro
1100 2011 1273 2053 exacto,
1310 2003 1424 2044 unde
1448 2003 1579 2045 ducta

107 2085 191 2138 est)
224 2091 267 2125 et
296 2081 796 2139 plusquamperfectum,
834 2081 1028 2122 futurum
1058 2089 1294 2132 exactum,
1337 2082 1578 2138 perfectum

110 2161 321 2204 infinitivi
354 2162 416 2202 ita
442 2161 630 2202 formata
660 2159 835 2212 scribit,
867 2168 914 2202 ut
947 2160 1084 2202 radici
1115 2161 1326 2202 adderent
1356 2164 1462 2212 sim,
1491 2174 1578 2201 sem

107 2255 181 2294 so,
213 2255 289 2290 se,
318 2242 362 2282 in
397 2241 537 2296 prima
569 2247 716 2281 autem
751 2247 794 2280 et
819 2239 1010 2281 secunda
1044 2241 1355 2296 coniugatione
1386 2238 1578 2281 litteram

108 2336 129 2361 ε
161 2321 451 2378 geminarent.
514 2317 884 2372 (Ramshornius,
925 2320 999 2375 qui
1029 2318 1225 2375 alioquin
1256 2319 1482 2360 Struvium
1512 2331 1580 2359 se-

110 2401 273 2455 quitur,
305 2414 345 2455 p.
376 2399 460 2439 140
489 2411 598 2453 sqq„
631 2396 724 2439 haec
753 2397 927 2438 deducit
953 2412 978 2438 a
1009 2398 1216 2452 perfectis
1249 2398 1292 2438 in
1323 2392 1399 2446 ει“,·’
1433 2399 1580 2452 itaque

139 2626 170 2668 ¹)
205 2620 385 2668 Hjortius
412 2620 526 2655 etiam
553 2618 653 2666 apud
679 2618 907 2654 Ciceronem
931 2618 978 2654 dc
1002 2619 1154 2666 legibus
1180 2618 1242 2661 ΙΙ,
1268 2621 1290 2652 9
1325 2618 1493 2664 nupserit
1518 2617 1579 2651 dc-

206 2683 313 2719 sendi
340 2693 456 2729 posse
480 2685 604 2729 putat.
670 2680 756 2715 Non
781 2680 1052 2716 animadvertit
1077 2681 1136 2717 vir
1161 2681 1313 2722 doctus,
1341 2679 1581 2720 Ciceronem,

207 2744 359 2779 etiamsi
385 2746 509 2791 rapsit
535 2747 638 2778 esset
663 2755 683 2777 a
711 2744 892 2789 rayner-it,
919 2742 1036 2791 idque
1062 2743 1201 2778 Cicero
1227 2742 1405 2778 scivisset
1421 2767 1431 2781 ‚
1457 2745 1581 2774 tamen

207 2817 286 2841 non
323 2805 592 2854 etymologiam
630 2804 836 2841 formarum
872 2804 1084 2850 exprimere
1127 2804 1195 2840 sed
1225 2805 1366 2839 veteris
1395 2800 1581 2837 sermonis

209 2869 311 2913 ipsas
341 2867 481 2902 formas
509 2867 651 2901 imitari
680 2867 857 2901 voluisse.

1277 2941 1319 2970 51
