1821 3309
252 191 353 240 282

188 334 331 387 agitur
362 335 505 370 autem
539 327 591 368 de
623 328 782 368 effectu
815 328 877 368 rei
911 329 1137 383 praeterita}
1175 326 1271 368 fieri
1303 327 1457 379 solitae,
1489 328 1534 368 in
1567 340 1650 383 quo

188 409 297 450 illud
331 416 396 448 est
424 415 588 448 rectum
619 405 789 446 dicendi
819 421 985 462 genus3
1015 421 1113 447 nam
1142 407 1447 447 coniunctivus
1474 405 1653 461 perfecti

187 501 363 544 prorsus
405 485 458 526 ab
504 485 583 526 hac
630 484 838 540 loquendi
881 487 1061 526 ratione·
1094 485 1374 536 excluditur,
1431 498 1526 540 quae
1567 497 1651 524 non

188 565 467 622 hypothetica
514 572 594 610 est,
637 565 713 604 sed
761 563 1020 619 simpliciter
1061 564 1389 605 condicionalis.
1462 562 1653 603 Librarii

189 654 332 686 autem
369 651 411 684 et
442 643 633 683 editores
668 644 866 683 certatim
897 642 1116 684 aberrant.
1174 643 1328 699 ltaque
1355 650 1472 683 recte
1501 639 1654 682 scribi·

188 734 256 765 tur
286 723 338 763 de
374 720 500 763 Offic.
537 720 553 761 l
586 724 623 772 ξ.
657 721 758 762 151:
801 725 842 762 si
871 726 1036 762 satiata
1069 728 1235 776 quoeslu
1265 747 1321 754 —-
1358 734 1404 761 se
1444 724 1492 761 in
1522 731 1654 774 agros

180 804 560 857 possessionesque
583 800 780 850 concedet,
808 800 982 840 vedetur
1006 804 1102 841 iare
1123 804 1280 854 ople'mo
1299 814 1426 854 posse
1447 798 1650 844 laudari:

188 880 441 936 paucissimi
466 887 630 918 tantum
658 887 701 919 et
724 878 828 919 mali
853 879 1024 919 codices
1047 880 1283 920 contulerit
1306 878 1482 919 habent.
1539 872 1653 916 Con-

191 969 256 1000 tra
287 960 330 999 in
364 958 517 998 eodem
550 956 663 998 libro
696 960 735 1009 ξ.
769 959 851 998 123
882 958 1024 998 editur
1055 957 1108 998 ab
1140 957 1365 999 omnibus:
1399 955 1480 997 Sin
1511 959 1653 995 aulem

190 1041 319 1077 eliam
355 1035 583 1076 lebtclcumn
628 1040 966 1090 intemperantia
1008 1041 1258 1087 accesserit,
1289 1037 1456 1091 duplex
1496 1033 1654 1074 malum

190 1120 255 1155 est
297 1121 402 1161 etc.;
444 1114 614 1153 codices
663 1122 808 1154 tamen
855 1115 1025 1167 optimi,
1077 1114 1197 1154 velut
1250 1116 1439 1169 quinque
1476 1109 1653 1159 Orellii,

191 1206 249 1232 ex
298 1190 455 1246 quibus
503 1191 588 1230 duo
631 1191 922 1245 antiquissimi
970 1201 1086 1243 sunt,
1131 1191 1293 1232 habent
1336 1193 1535 1232 accessit.
1602 1187 1651 1228 In

190 1268 372 1310 Tuscul.
402 1267 502 1308 libr.
535 1267 578 1308 ll
611 1271 648 1319 ξ.
677 1269 732 1308 58
763 1269 806 1307 in
843 1269 1108 1310 editionibus
1150 1279 1243 1311 est:
1291 1274 1414 1311 cuius
1456 1272 1498 1309 sc·
1527 1270 1656 1323 qnasi

190 1349 332 1389 lumen
360 1345 540 1400 aliquod
559 1344 906 1400 adspexerinms,
938 1346 1054 1387 nihil
1083 1354 1160 1398 est,
1193 1348 1308 1402 qnod
1327 1373 1372 1378 —
1393 1361 1478 1388 non
1505 1349 1658 1401 parali

190 1430 322 1467 se‘mus
353 1423 489 1467 ferre.
554 1424 720 1465 Verum
748 1424 890 1465 codex
917 1427 1065 1480 regius
1087 1435 1129 1466 et
1158 1427 1347 1481 quinque
1370 1424 1654 1466 Oxonieuses

190 1504 321 1556 (addo
371 1503 562 1543 codicem
610 1503 898 1544 pithoeanum
945 1502 999 1544 ab
1041 1519 1108 1556 eo,
1151 1520 1234 1560 quo
1270 1503 1516 1545 Gulielmus
1551 1515 1654 1542 usus

191 1591 272 1634 est,
305 1583 527 1623 diversum
571 1589 613 1621 et
644 1580 698 1621 ab
733 1583 858 1622 initio
894 1581 1110 1633 mutilum,
1139 1584 1262 1623 cuius
1295 1584 1520 1638 scriptura}
1551 1593 1654 1621 eno-

189 1669 288 1702 tatae
311 1668 543 1700 servantur
574 1661 618 1700 in
642 1659 910 1702 bibliotheca
935 1663 1236 1703 universitatis
1267 1661 1442 1714 nostrae)
1469 1658 1654 1700 habent:

191 1740 488 1793 ads-pext'nms.
548 1737 596 1778 In
631 1738 788 1779 Laelio
821 1740 933 1780 idem
968 1755 1088 1781 error
1119 1742 1231 1781 infra
1266 1743 1308 1791 ξ.
1339 1742 1396 1781 ’74
1430 1754 1454 1780 a
1475 1737 1655 1779 Klotzio

191 1816 319 1858 libris
353 1815 689 1857 admonentibus
731 1828 952 1859 correctus
998 1826 1079 1870 est,
1121 1818 1195 1858 ubi
1241 1818 1474 1859 edebatur:
1514 1819 1659 1870 siqui

189 1899 367 1936 ineunte
393 1900 527 1936 oetale
552 1894 747 1935 venandi
768 1902 845 1936 cml
867 1898 978 1952 pe‘loe
1002 1896 1392 1947 slmlc'osc'suermt.
1444 1894 1492 1935 In
1517 1893 1654 1934 Acad.

189 1972 232 2014 11
278 1973 448 2028 §.127
487 1973 589 2014 huic
634 1974 844 2028 perfecto,
892 1975 1006 2030 quod
1039 1977 1101 2017 ita
1134 1977 1221 2016 vim
1254 1975 1480 2030 praesentis
1510 1971 1658 2023 habet,

191 2059 238 2091 ut
284 2065 478 2106 praesens
527 2053 568 2092 ei
611 2050 884 2104 sufficiatur,
927 2055 1201 2108 suppositum
1243 2062 1310 2093 est
1354 2053 1573 2093 futurum:
1605 2047 1660 2090 Sa·

190 2141 292 2169 vero
337 2129 509 2183 aliquid
548 2134 762 2179 occurret,
805 2130 921 2184 qaod
948 2134 1045 2172 verz·
1074 2132 1215 2171 se’nn'le
1254 2131 1471 2180 vedeatur,
1508 2128 1656 2169 huma-

192 2209 371 2246 m‘ssc'ma
420 2207 657 2260 completur
696 2209 835 2247 am‘nn'
877 2209 1112 2261 voluptate.
1176 2207 1380 2249 Debebat
1422 2217 1510 2248 tum
1557 2219 1654 2246 esse

195 2283 492 2338 complebitur.
562 2285 647 2326 Sed
680 2293 796 2325 recte
830 2285 970 2325 codex
1002 2300 1113 2326 unus
1145 2295 1185 2327 et
1221 2295 1305 2328 vet.
1339 2286 1473 2327 editio
1507 2298 1654 2325 occur-

195 2366 270 2404 rit.
335 2361 473 2404 Paulo
509 2371 575 2403 est
607 2363 828 2403 diversum
861 2367 952 2404 πίει·
980 2364 1229 2405 adiunctum
1260 2366 1486 2406 sententiae
1522 2377 1654 2418 nega-

195 2444 295 2482 tivae
338 2450 413 2483 aut
448 2456 524 2496 per
556 2443 947 2496 interrogationem
984 2445 1177 2497 neganti.
1244 2442 1413 2484 Tamen
1446 2444 1491 2482 in
1521 2440 1655 2481 Tusc.

192 2520 257 2562 lv
297 2520 332 2574 ξ.
380 2522 436 2560 48
475 2535 498 2560 e
541 2520 688 2561 codice
729 2522 854 2575 regio
899 2529 942 2561 et
972 2521 1216 2562 pithoeano
1250 2521 1328 2562 illo
1359 2520 1656 2577 reponendum

192 2606 283 2639 est:
325 2599 399 2638 An
434 2612 534 2639 vero
566 2602 635 2639 υίν
657 2597 820 2648 f'orh's,
852 2602 942 2639 πίει·
972 2598 1241 2640 είοηιαεῘιανί
1273 2603 1428 2653 coepit,
1459 2610 1545 2638 non
1571 2610 1653 2651 po-

191 2681 274 2717 lest
297 2675 443 2724 jorlc‘s
477 2678 606 2717 esse?
650 2675 725 2716 ubi
758 2676 900 2717 editur
932 2681 1136 2731 coeperit,
1179 2685 1221 2717 et
1253 2676 1293 2731 ξ.
1322 2678 1378 2717 50
1405 2690 1462 2717 ex
1497 2675 1654 2734 iisdem

194 2753 316 2796 codd.
359 2753 488 2808 (regii
532 2755 844 2805 testimonium,
882 2756 993 2810 quod
1026 2754 1236 2797 Davisius
1267 2755 1310 2794 in
1343 2753 1533 2794 secunda
1564 2753 1654 2794 edi-

194 2834 311 2873 tione
344 2839 517 2872 secutus
554 2840 633 2882 est,
682 2846 704 2872 a
741 2831 958 2886 Krarupio
996 2831 1314 2882 confirmatum,
1351 2830 1547 2873 Orellius
1582 2846 1655 2873 ne-
