1821 3309
1407 188 1506 238 339

112 326 325 367 sationem
343 327 403 368 ita
423 328 680 383 peregisset,
709 335 756 367 ut
773 341 885 368 nunc
902 328 1089 384 quidem,
1116 329 1321 386 quidquid
1342 333 1395 373 de
1416 335 1511 389 ipsa
1528 350 1574 376 re

111 408 330 456 statuitur,
356 408 602 447 cautionem
624 408 667 447 in
693 420 824 447 causa
851 409 1131 463 praeparanda
1156 419 1198 450 et
1224 410 1278 451 ab
1303 414 1422 454 omni
1453 423 1573 469 parte

110 485 425 526 consideranda
450 494 492 526 et
519 484 766 527 mehercule
791 487 920 527 etiam
947 486 1250 539 subtilitatem,
1277 491 1351 532 sed
1378 495 1574 535 maxime

108 565 154 606 in
184 566 279 621 ipsa
309 563 525 606 libertatis
561 567 706 620 specie
738 564 984 607 libertatem
1027 568 1079 608 de
1111 568 1362 624 eloquentia
1397 570 1573 614 Cicero-

107 647 238 686 niana
279 643 635 699 orationibusque
678 654 774 700 post
816 645 1026 687 exsilium
1072 646 1233 689 habitis
1277 649 1416 705 deque
1453 662 1574 693 motu

108 726 276 781 antiqui
306 726 520 766 sermonis
552 734 667 765 recte
694 725 912 765 iudicandi
944 725 1072 767 valde
1097 727 1412 780 desideremus,
1442 731 1570 773 Eich-

105 805 301 846 staedtius
333 806 388 857 (a.
421 806 547 855 1802)
583 805 625 844 in
658 818 842 845 censura
872 804 974 846 libri
1006 805 1241 856 wolfharii,
1273 809 1310 848 si
1343 824 1428 851 non
1461 810 1570 852 alias

107 883 331 926 Ciceronis
376 886 624 932 orationes,
676 883 830 925 saltem
880 899 1009 926 unam
1056 901 1115 926 ex
1161 885 1434 931 Catilium-iis
1483 890 1571 932 sibi

104 963 236 1005 simili
270 964 548 1006 damnatione
588 963 764 1019 dignam
809 965 950 1006 videri
995 963 1285 1019 significavit3
1328 970 1397 1009 cui
1438 969 1568 1011 facile

102 1042 299 1086 Wolfius
331 1042 563 1084 obsecutus
605 1045 750 1084 statim
783 1045 956 1085 tertiam
987 1045 1227 1096 damnavit,
1258 1060 1441 1102 eamque
1476 1064 1568 1090 rem

100 1131 253 1178 postea
285 1123 328 1163 in
364 1121 527 1163 scholis
560 1122 923 1179 sermonibusque
964 1125 1025 1165 ita
1067 1124 1360 1180 significabat,
1404 1137 1450 1168 ut
1493 1140 1569 1170 aut

100 1203 293 1252 omnino,
340 1216 434 1258 quae
469 1211 600 1253 esset,
648 1203 860 1244 incertum
896 1202 1178 1260 relinqueret,
1215 1215 1289 1246 aut
1322 1205 1504 1248 alteram
1542 1224 1565 1249 e

99 1280 268 1324 duabus
310 1281 465 1323 mediis
509 1297 605 1322 esse
648 1282 824 1323 diceret.
892 1283 1037 1339 Atque
1072 1283 1153 1325 hoc
1194 1294 1348 1326 tenens
1381 1285 1564 1329 Cludius

99 1364 155 1416 (a.
180 1362 306 1414 1826)
339 1360 586 1417 W'olfiique
609 1376 656 1402 se
679 1364 939 1403 sententiam
965 1366 1165 1418 persequi
1192 1366 1389 1416 credens,
1411 1381 1563 1408 secun-

97 1442 196 1484 dam
220 1441 411 1497 spuriam
444 1455 541 1482 esse
573 1440 658 1482 sibi
691 1443 810 1483 visus
842 1452 908 1483 est
928 1443 1243 1495 demonstrare,
1274 1448 1397 1486 visus
1430 1448 1562 1490 etiam

98 1523 172 1563 uni
220 1531 263 1562 et
296 1520 423 1562 alteri
458 1530 683 1577 praeterea.
745 1523 829 1564 Sed
863 1521 994 1578 paulo
1026 1532 1123 1577 post
1153 1526 1212 1577 (a.
1243 1523 1365 1578 1827)
1395 1523 1559 1568 Benec-

92 1601 194 1643 kius
239 1600 445 1652 ostendit,
487 1599 645 1644 Wolfii
687 1603 822 1658 ipsius
867 1601 1014 1642 verbis
1052 1617 1111 1642 ex
1154 1603 1340 1659 epistola
1372 1606 1558 1661 quadam

92 1681 291 1737 prolatis,
326 1684 502 1722 tertiam
548 1679 601 1722 ab
646 1679 724 1722 illo
758 1679 1050 1737 significatam
1085 1696 1194 1724 esse.
1259 1683 1432 1727 Interea
1465 1689 1557 1742 qui-

90 1760 273 1803 busdam
303 1767 460 1816 quarta
482 1759 781 1816 displicuerat,
813 1759 1182 1814 Zimmermanno,
1210 1761 1410 1816 Blocbio,
1440 1781 1556 1808 eam-

90 1857 174 1898 que
217 1842 421 1882 miseram
463 1839 710 1882 Abrensius
756 1841 812 1894 (a.
846 1842 972 1891 1832)
1009 1844 1162 1898 cupitis
1197 1843 1435 1897 damnavit,
1470 1856 1554 1887 ter-

87 1930 193 1963 tiam
237 1919 369 1962 simul
418 1920 696 1961 damnatione
752 1921 794 1960 in
839 1929 1088 1962 transcursu
1132 1923 1407 1978 complexus.
1472 1925 1556 1966 Po-

88 2010 250 2042 stremo
295 1998 492 2041 Orellius
538 2000 594 2053 (a.
635 1999 778 2051 1836),
814 2000 983 2054 opinor,
1029 2015 1082 2040 ne
1117 2001 1247 2044 foeda
1280 2004 1552 2061 ridiculeque

87 2089 204 2122 esset
246 2078 324 2121 illa
371 2079 629 2120 iudiciorum
680 2080 1000 2130 inconstantia,
1053 2095 1204 2122 omnes
1246 2090 1334 2123 tres
1379 2087 1550 2139 spurias

85 2175 183 2202 esse
214 2159 437 2201 iudicavit.
505 2157 722 2200 Obstabat
765 2157 866 2200 huic
899 2158 1059 2199 iudicio
1089 2169 1244 2216 praeter
1275 2161 1364 2204 alia
1400 2173 1551 2205 vetera

85 2240 361 2291 testimonia,
413 2253 507 2295 qua:
560 2238 689 2280 facile
741 2236 1079 2290 reiiciebantur,
1129 2240 1266 2296 ipsius
1323 2241 1548 2285 Ciceronis

85 2320 346 2370 auctoritas,
397 2320 471 2374 qui
512 2319 557 2359 in
599 2320 727 2373 epist.
769 2317 821 2358 ad
866 2317 1000 2358 Attio.
1048 2317 1152 2363 libr.
1192 2319 1261 2371 II,
1311 2324 1334 2362 1
1377 2333 1546 2377 septem

84 2412 186 2439 suas
247 2396 500 2439 consulares
558 2398 779 2437 orationes
829 2406 1141 2439 commemorat
1200 2399 1349 2441 multis
1398 2401 1545 2444 verbis

84 2487 375 2534 quattuorque
434 2474 715 2517 Catilinarias
772 2475 1028 2532 singulatim
1080 2488 1321 2520 enumerat.
1392 2479 1545 2538 Itaque

81 2556 191 2599 nihil
223 2555 341 2598 aliud
374 2554 564 2611 relinqui
593 2553 836 2606 videbatur,
880 2556 963 2596 nisi
996 2565 1042 2596 ut
1069 2557 1112 2598 id
1134 2566 1391 2611 statuerent,
1431 2562 1544 2616 quod

79 2637 256 2679 credere
300 2651 427 2678 nemo
471 2644 633 2692 posset,
681 2647 810 2675 veras
853 2632 1080 2680 Ciceronis
1122 2639 1344 2680 orationes
1383 2642 1427 2682 in
1475 2656 1543 2682 ce-

78 2715 314 2758 leberrima
345 2731 477 2759 causa
507 2713 679 2756 habitas
708 2715 794 2755 iarn
826 2714 1017 2771 Augusti
1045 2724 1241 2773 ternpore
1269 2719 1396 2773 (adeo
1425 2721 1540 2762 enim

79 2796 280 2851 antiquas
323 2811 420 2837 esse
466 2795 568 2847 has,
619 2808 726 2851 quas
776 2791 1014 2846 habemus,
1065 2795 1313 2839 Ahrensius
1355 2799 1536 2841 confite·
1593 2857 1600 2861 ι

77 2874 164 2927 tur)
205 2874 268 2914 ita
312 2875 572 2926 evanuisse,
620 2884 667 2916 ut
712 2872 834 2916 falsoe
877 2873 1034 2916 subiici
1078 2884 1121 2917 et
1163 2875 1370 2933 probari,
1415 2877 1536 2920 nullo

1229 2963 1292 2994 22'
