1821 3309
1428 167 1527 218 353

129 323 217 351 suae
249 309 468 353 confidere
502 312 694 353 viderem
726 327 775 353 ac
809 325 920 363 non,
963 327 1093 369 quum
1126 312 1309 354 meliora
1344 326 1430 354 non
1461 312 1595 354 habe-

129 398 240 441 rent,
274 391 334 442 id,
361 393 473 448 quod
508 393 593 448 ipsi
629 407 779 448 parum
815 390 1063 448 probarent,
1096 402 1271 435 secutos
1305 407 1418 434 esse.
1479 393 1592 435 Nam

129 469 233 524 quid
266 484 376 526 opus
407 481 472 511 est
505 486 746 528 exponere,
781 486 921 528 neque
950 476 1257 527 concupiscere
1291 472 1492 514 absolute
1525 475 1594 514 in-

129 548 274 606 telligi
305 565 455 606 posse,
486 560 533 591 ut
566 553 622 592 sit
652 551 923 592 ambitiosam
961 565 1077 602 esse,
1122 566 1262 608 neque
1297 567 1455 607 parum
1499 552 1593 595 ullo

130 630 258 671 modo
289 632 331 672 in
365 629 442 672 tali
476 631 648 686 quidem
681 632 986 672 coniunctione
1013 630 1277 672 substantivi
1309 633 1397 672 vim
1429 631 1594 674 habere

129 723 258 765 posse
289 720 364 751 aut
392 711 434 751 id
465 709 730 766 significare,
758 712 874 767 quod
901 726 987 753 uon
1017 715 1074 753 sil
1105 717 1228 762 sales,
1260 711 1376 766 qnod
1398 715 1457 752 sit
1473 713 1595 754 exile

131 791 330 846 (genere)
369 796 415 832 et·
456 794 689 842 minutam,
737 806 831 848 quae
875 790 1142 848 significatio
1189 806 1242 832 ne
1281 792 1378 846 ipsa
1420 791 1595 847 quidem

128 878 230 925 apta
261 879 391 911 esset.
461 871 547 913 Sed
579 873 854 927 interpreteS,
886 873 931 912 in
963 870 1030 913 his
1061 871 1169 913 solis
1198 869 1346 912 verbis
1381 874 1594 928 occupati,

129 949 183 990 ad
213 951 347 991 totius
376 950 463 992 loci
492 951 677 992 formam
709 951 946 992 attendisse
979 965 1063 992 non
1104 951 1331 1001 videntur,
1362 951 1448 992 nisi
1481 952 1597 1007 quod

127 1026 420 1071 Buttmannus
456 1045 515 1072 ex
545 1027 693 1087 aliqua
723 1040 846 1086 parte
877 1030 930 1071 de
965 1030 1045 1072 hac
1077 1045 1122 1072 re
1151 1030 1337 1072 lectores
1356 1031 1596 1073 admonuit.

126 1109 338 1151 Proxime
369 1111 482 1150 enim
517 1110 723 1166 praecedit
751 1111 918 1166 ingenii
953 1119 996 1151 et
1027 1111 1175 1152 iudicii
1205 1113 1385 1162 mentio,
1411 1125 1595 1167 quorum

125 1188 236 1230 illud
271 1190 315 1230 in
350 1190 621 1244 reperiendis
654 1188 784 1230 rebus
816 1199 859 1231 et
894 1189 1155 1232 elocutionis
1200 1192 1469 1231 ornamentis
1504 1206 1594 1232 cer-

128 1270 261 1321 nitur,
294 1269 441 1310 hocin
468 1268 640 1310 delectu
672 1268 899 1319 habendo3
933 1280 975 1311 et
1009 1271 1061 1312 ad
1093 1269 1204 1311 hanc
1234 1272 1494 1311 sententiam
1527 1286 1595 1312 re-

125 1349 340 1399 feruntur,
375 1362 468 1405 quae
501 1347 819 1399 subiiciuntur3
867 1350 909 1389 in
954 1348 1022 1390 his
1063 1358 1209 1409 autem
1244 1351 1352 1405 ipsis
1395 1359 1593 1406 apertum

127 1438 209 1482 est,
254 1443 351 1470 cum
396 1427 568 1469 delectu
612 1437 656 1469 et
699 1429 957 1484 gradatione
988 1431 1131 1486 posita
1163 1443 1259 1470 esse
1293 1428 1451 1471 verba:
1493 1444 1593 1472 con-

126 1512 367 1565 tempsisset
398 1530 451 1538 —
492 1521 578 1548 nou
612 1515 885 1564 concupesset
915 1533 970 1540 --
1001 1515 1187 1550 amasset
1198 1525 1210 1558 ;
1265 1523 1406 1565 neque
1449 1511 1593 1551 minus

127 1590 241 1632 idem
276 1588 487 1631 orationis
515 1585 749 1629 artificium
775 1589 1009 1630 ostendunt
1043 1591 1156 1630 inter
1190 1603 1237 1630 se
1268 1587 1409 1630 relata
1439 1590 1592 1646 aliqua

126 1680 170 1712 et
200 1683 286 1711 non
318 1671 476 1709 omnia.
548 1668 770 1724 Apparet,
813 1671 926 1710 inter
961 1668 1052 1710 haec
1082 1669 1166 1709 duo
1200 1670 1477 1711 interiectum
1507 1679 1592 1711 ter-

124 1752 231 1792 tium
257 1750 409 1798 fuisse,
442 1748 554 1804 quod
590 1748 642 1789 ad
679 1748 860 1790 eandem
892 1750 1103 1790 orationis
1134 1749 1318 1790 formam
1352 1764 1594 1792 accommo-

124 1831 271 1872 datum
308 1837 440 1870 esset.
503 1827 601 1869 Hoc
644 1829 824 1869 invento
870 1829 1013 1870 facilis
1051 1831 1135 1870 iam
1169 1829 1416 1870 emendatio
1449 1839 1516 1871 est
1549 1840 1593 1870 et

122 1910 351 1952 lenissima
395 1909 636 1950 mutatione
673 1907 918 1963 perficitur:
965 1907 1082 1950 Nam
1125 1913 1168 1949 ει·
1209 1911 1360 1964 aliqua
1405 1915 1591 1950 conlem-

116 1994 306 2046 psisset,
352 1992 395 2030 εἰ
426 1991 592 2044 partlm
635 2001 721 2028 non
769 1992 1055 2043 concupisset,
1104 1993 1147 2029 ει·
1195 2002 1281 2029 non
1325 1992 1471 2030 omnia
1510 2002 1591 2031 sua

125 2075 324 2120 amasset,
357 2074 438 2109 etc.
505 2066 740 2109 Desiderat
767 2067 1069 2117 Quintilianus
1102 2071 1143 2109 in
1179 2069 1348 2110 Seneca
1377 2069 1590 2110 severita-

123 2160 210 2194 tem
243 2150 415 2198 iudicii3
468 2149 614 2189 onmia
645 2149 760 2188 enim
797 2162 912 2198 eum,
954 2163 1222 2204 quincunque
1262 2147 1590 2190 subministras-

123 2238 192 2272 set
227 2230 362 2270 nimia
391 2242 514 2284 paene
547 2229 712 2284 ingenii
747 2228 1035 2278 foecunditas,
1079 2229 1333 2284 arripuisse,
1374 2230 1590 2280 acumina,

124 2307 430 2360 sententiolas,
470 2307 719 2349 huiusmodi
755 2307 869 2356 alia3
913 2318 1029 2349 recte
1063 2309 1326 2364 scripturum
1350 2308 1505 2359 fuisse,
1552 2311 1590 2349 si

126 2403 182 2430 ex
216 2387 285 2429 his
318 2386 465 2443 aliqua
496 2387 626 2443 plane
661 2389 1023 2442 contempsisset,
1076 2397 1122 2427 ut
1162 2388 1310 2427 inania
1351 2395 1394 2427 et
1426 2386 1589 2438 futilia,

120 2471 283 2524 partim
319 2466 419 2521 (hoc
448 2478 514 2507 est
544 2465 673 2522 paulo
702 2465 800 2522 plus
828 2481 955 2522 quam
979 2466 1146 2521 aliqua)
1179 2465 1336 2507 saltem
1368 2480 1455 2507 non
1485 2481 1589 2507 con-

123 2548 315 2604 cupisset
348 2554 391 2588 et
420 2546 614 2587 studiose
649 2547 948 2602 quaesivisset,
992 2546 1180 2601 denique
1224 2560 1309 2587 non
1332 2547 1483 2588 omnia
1509 2560 1589 2587 sua

125 2634 328 2668 amasset.
388 2625 501 2667 Illud
535 2625 672 2677 addo,
705 2627 768 2667 sic
801 2625 975 2667 demum
1006 2625 1220 2682 intelligi,
1273 2640 1349 2667 cur
1378 2627 1586 2681 scriptum

124 2708 180 2748 sit:
209 2711 251 2748 εἰ
277 2707 444 2762 ale'qnct,
476 2720 560 2747 non
592 2710 634 2746 εἰ
663 2719 760 2760 qua.
806 2706 836 2758 ¹)

151 2873 181 2915 ¹)
224 2869 404 2915 [Secutus
431 2876 490 2906 est
517 2871 718 2923 Zumptius
745 2872 844 2908 lianc
876 2870 1206 2917 emendationem]

1276 2948 1322 2979 23
