1821 3309
1376 161 1476 210 239

94 309 304 348 Suetonio
340 316 382 347 et
412 307 541 348 Floro
573 307 865 362 adiunguntur
892 305 1104 360 Ulpianus
1131 303 1233 358 Dig.
1261 303 1417 355 XXV,
1445 305 1488 354 3,
1518 307 1540 345 l

94 392 118 440 ξ
149 389 191 438 3,
218 387 410 428 Iustinus
443 384 567 435 VIII,
596 387 623 425 2
654 384 746 438 (ubi
778 383 982 424 notabilis
1017 393 1082 424 est
1111 384 1406 435 indicativus),
1435 387 1538 425 scri-

93 476 190 522 ptor
232 464 339 505 belli
368 463 672 517 Hispaniensis
717 478 750 503 c.
793 465 849 504 36
887 463 1227 513 (renuntiarunt,
1269 463 1383 516 quod
1419 464 1542 504 Pom-

89 547 233 599 peium
265 546 311 582 in
336 547 591 596 potestatem
622 540 846 593 haberent)
877 549 920 580 et
949 541 1133 581 fortasse
1165 555 1199 580 c.
1229 542 1299 588 10,
1329 541 1543 594 Apuleius

93 624 140 665 X
170 638 210 678 p.
241 623 325 662 228
358 621 467 662 Prie.
513 621 612 677 (qni
633 621 796 675 puellce
835 622 1073 668 mmliurel,
1109 618 1224 673 quod
1252 633 1343 659 eam
1374 625 1543 662 iuvenis

88 704 271 743 vocaret
309 700 368 741 ad
398 715 466 748 se;
522 715 617 741 nam
662 699 845 740 alterum
890 698 1031 739 locum
1075 696 1140 738 VI
1173 713 1214 752 p.
1255 699 1337 738 124
1367 698 1544 740 Ouden-

92 782 233 835 dorpii
267 780 435 820 codices
476 779 602 820 aliter
635 778 908 819 scribendum
955 792 1050 818 esse
1083 778 1348 830 ostendunt),
1378 787 1544 833 postre-

94 875 179 910 mo,
227 873 320 915 qum
367 868 462 913 post
503 859 710 900 Vossium
755 856 1026 897 Forcellinus
1072 857 1256 909 (cautius
1298 851 1372 896 ille
1417 873 1542 912 quam

95 938 218 979 multi
270 937 346 978 alii
397 939 440 977 in
492 937 572 977 hoc
623 937 720 977 loeo
768 937 982 989 versatus)
1043 951 1064 975 e
1097 935 1292 976 Palladio
1348 937 1541 990 protulit.

93 1017 206 1058 Huic
240 1017 390 1071 generi
433 1031 490 1056 ex
526 1017 701 1070 antiqua
737 1025 778 1055 et
816 1025 931 1055 recta
966 1015 1174 1054 orationis
1210 1014 1349 1054 forma
1382 1018 1543 1056 sensim

94 1105 194 1137 nato
221 1096 405 1136 occurrit
431 1095 541 1149 apud
571 1095 804 1148 scriptores
832 1093 1150 1134 ecclesiasticos
1179 1092 1362 1134 alterum
1402 1095 1545 1136 simile

94 1185 136 1215 et
167 1184 310 1215 tamen
354 1188 413 1213 ex
457 1174 625 1228 origine
668 1171 797 1228 longe
840 1172 1012 1212 diversa
1046 1181 1244 1222 tractum,
1279 1189 1408 1228 quum
1442 1179 1545 1228 quia

93 1270 187 1297 cnm
243 1254 480 1295 indicativo
530 1261 694 1307 ponunt
741 1266 816 1304 pro
862 1254 1077 1292 sententia
1122 1250 1316 1299 infinita;
1370 1264 1547 1308 apparet

93 1336 225 1381 enirn,
256 1332 366 1372 hanc
400 1331 569 1371 dicendi
606 1331 787 1371 formam
823 1330 932 1385 apud
968 1345 1042 1370 eos
1074 1340 1216 1371 natam
1246 1346 1356 1382 esse,
1387 1335 1457 1388 qui
1494 1332 1546 1372 li-

96 1413 195 1453 bros
238 1424 385 1452 sacros
428 1412 588 1450 veteris
630 1419 672 1449 et
711 1411 811 1450 novi
857 1410 1016 1450 codicis
1059 1412 1119 1449 ita
1160 1411 1461 1460 transferrent,
1501 1423 1547 1452 ut

96 1491 227 1532 verba
270 1488 444 1545 singula
484 1498 819 1530 annumerantes
863 1503 1000 1544 neque
1032 1486 1100 1531 ὅτι
1149 1488 1345 1530 Graecum
1391 1505 1545 1546 neque,

95 1586 188 1627 quae
242 1572 281 1610 ei
336 1569 590 1624 respondet,
652 1567 882 1608 Hebraeam
937 1568 1191 1622 particulam
1249 1569 1548 1610 excluderent.

95 1649 409 1705 Exemplorum
447 1649 611 1701 copiam
662 1646 841 1702 collegit
884 1646 1214 1688 ssueneniaunus
1248 1650 1298 1688 ad
1330 1648 1548 1690 Lactantii

96 1729 236 1770 lustit.
268 1727 346 1777 IV,
377 1729 445 1777 12,
482 1729 549 1777 18,
581 1726 637 1776 V,
671 1728 736 1775 17,
767 1728 836 1776 30,
867 1726 947 1777 Vl,
979 1728 1048 1777 22,
1079 1729 1120 1767 3.
1185 1727 1280 1768 Orti
1314 1738 1455 1768 autem
1489 1744 1545 1769 ex·

94 1810 269 1849 diverso
306 1805 436 1847 rivuli
474 1805 834 1860 quemadmodum
865 1805 914 1846 ad
949 1816 1212 1856 extremum,
1246 1806 1446 1848 barbaria
1477 1822 1547 1848 su—

94 1897 288 1942 perante,
322 1885 450 1926 mixti
497 1885 598 1934 sint,
643 1884 694 1924 ad
738 1884 847 1924 lianc
889 1893 1078 1925 nostram
1125 1888 1405 1940 quaestionem
1438 1887 1546 1926 nihil

96 1967 250 2007 attinet
280 1963 494 2020 persequi.
520 1963 550 2014 ¹)

322 2094 409 2142 VI.
482 2093 557 2139 De
604 2092 769 2139 formis
815 2094 1078 2155 imperativi
1127 2096 1316 2158 passivi.

207 2209 275 2251 Ad
309 2217 572 2258 extrenmm,
611 2215 658 2247 ut
699 2208 815 2260 ipsas
856 2207 1017 2248 formas
1058 2207 1288 2249 verborum
1322 2211 1548 2266 attingam,

95 2304 180 2330 non
218 2303 356 2329 meum
393 2289 616 2327 inventum
648 2301 900 2341 proponam,
948 2286 1021 2326 sed
1057 2286 1246 2328 alienum
1281 2287 1546 2330 confirmabo

95 2377 138 2409 et
169 2365 457 2422 amplificabo.
517 2365 756 2405 Duodecim
797 2366 909 2403 enim
944 2366 1041 2404 anui
1074 2374 1189 2416 sunt,
1220 2381 1348 2420 quum
1385 2367 1547 2407 Kraru·

96 2449 208 2502 pius,
240 2446 402 2486 amicus
435 2457 569 2492 meus,
606 2442 785 2482 formam
820 2457 930 2492 eam,
966 2457 1058 2496 quae
1093 2444 1134 2482 in
1168 2443 1368 2484 omnibus
1403 2461 1546 2500 gram-

97 2527 266 2567 maricis
300 2523 500 2564 secundm
530 2535 722 2577 personoe
753 2520 912 2575 plurali
946 2521 1076 2561 futuri
1107 2523 1354 2577 imperativi
1383 2527 1547 2579 passivi

125 2722 154 2763 ¹)
193 2719 252 2762 [In
286 2718 356 2752 hac
393 2717 525 2764 quinta
555 2716 814 2750 admonitione
840 2716 949 2763 plura
985 2730 1086 2752 nunc
1125 2718 1251 2752 addidi
1282 2719 1546 2766 sqvplevique,

192 2791 272 2826 quae
297 2779 422 2813 notari
450 2783 486 2813 et
512 2791 531 2812 a
558 2778 687 2825 primae
721 2778 900 2813 editionis
927 2779 1045 2813 forma
1077 2781 1243 2826 separari
1260 2781 1454 2816 commode
1472 2793 1547 2815 non

193 2845 410 2886 potuerunt.
439 2842 480 2875 Α.
501 2842 617 2884 1842]
