1821 3309
1446 211 1512 260 35

227 349 422 392 Ventum
446 359 513 391 est
535 350 628 390 fere
654 348 708 390 ad
729 356 993 390 extremum.
1044 348 1158 391 Nam
1185 351 1228 391 in
1255 351 1475 406 proximis
1491 349 1583 393 haec

115 426 276 469 verba:
298 441 438 483 neque
460 428 598 482 legem
624 439 763 481 neque
773 439 962 480 poenam
988 427 1124 468 latam
1146 441 1252 477 esse,
1273 441 1368 482 quae
1395 429 1441 469 in
1468 430 1585 470 codi-

115 503 238 546 cibus
259 505 413 546 mediae
431 506 619 547 orationi
643 505 963 546 interseruntur
987 504 1068 558 (de
1089 504 1243 559 qulbus
1265 508 1420 559 igitur,
1451 510 1584 548 etiam

113 585 156 624 si
182 583 319 624 latum
346 589 461 625 esset
494 596 634 639 neque
663 597 849 638 poenam
875 596 1014 638 neque
1036 584 1174 638 legem
1202 583 1338 624 latam
1365 597 1483 635 esee,
1530 598 1586 627 ne

113 674 237 720 quem
256 667 392 705 civem
412 666 718 717 reciperemus,
749 666 893 702 tamen
922 661 973 702 id
996 667 1110 702 esset
1134 664 1253 715 eta),
1293 677 1318 703 a
1347 662 1587 705 Schuetzio

114 750 278 795 autem,
307 742 513 784 Ernestio
543 750 739 790 auctore,
770 742 815 781 in
846 740 982 782 alium
1005 739 1150 782 locum
1171 742 1441 796 transposita
1469 750 1588 793 sunt,

113 821 202 864 iam
234 821 498 863 damnarunt
531 818 799 861 Garatonius
829 828 873 861 et
903 818 1117 870 ofellius,
1160 833 1344 875 quorum
1374 820 1586 861 iudicium

114 898 346 942 confirmat
376 914 491 941 nunc
523 899 667 941 codex
696 899 976 940 parisiensis.
1040 898 1128 940 Sed
1157 899 1203 938 in
1233 898 1462 939 Addendis
1493 898 1585 942 vol.

116 977 183 1021 IV
211 980 297 1035 p.2
328 993 371 1035 p.
390 976 715 1028 5990rellius,
751 985 917 1017 mutata
946 978 1091 1031 priore
1127 977 1348 1016 sententia
1380 975 1588 1031 probata-

115 1071 200 1113 que
230 1057 586 1112 transpositione,
618 1054 752 1096 scribi
784 1054 890 1104 vult,
922 1063 969 1094 ut
1000 1062 1065 1094 est
1093 1055 1137 1094 in
1169 1067 1257 1094 uno
1287 1053 1437 1095 codice
1462 1053 1589 1096 Oxo-

114 1135 274 1186 niensi,
316 1140 460 1176 ratam
490 1148 612 1183 esse,·
655 1133 760 1181 (duo
796 1132 874 1175 alii
921 1146 1016 1173 cum
1059 1130 1275 1173 Bernensi
1317 1140 1504 1188 utroque
1545 1140 1590 1174 et

115 1213 208 1255 Etr.
245 1211 460 1269 gratam).
521 1212 693 1255 Verum
728 1210 838 1252 nihil
873 1209 1117 1267 proficitur.
1184 1210 1298 1252 Nam
1332 1225 1475 1266 neque
1508 1210 1591 1252 lex

116 1299 161 1333 et
200 1305 359 1348 poena,
397 1304 493 1347 quae
537 1298 605 1331 est
650 1291 695 1331 in
735 1289 853 1346 lege,
894 1290 1125 1331 contrariae
1164 1290 1268 1342 poni
1308 1297 1509 1344 possunt,
1545 1297 1589 1329 et

117 1370 220 1427 quid
260 1370 344 1413 hoc
387 1378 455 1412 est
493 1383 682 1425 quamve
713 1367 847 1410 habet
878 1369 1155 1418 sententiam,
1192 1367 1338 1423 legem
1372 1380 1469 1407 eam
1501 1380 1588 1408 non

117 1462 217 1491 esse
246 1455 404 1499 ratam,
435 1462 564 1503 quam
597 1446 753 1489 Cicero
797 1455 931 1503 negat
963 1460 1153 1501 unquam
1181 1445 1348 1487 latam?
1392 1446 1589 1487 Poenam

118 1540 205 1568 non
235 1532 377 1568 ratam
402 1540 531 1582 quam
565 1526 632 1567 vir
661 1525 814 1566 doctus
847 1523 956 1566 velit
989 1538 1101 1574 esse,
1134 1525 1299 1565 nemini
1322 1524 1590 1578 impositam,

119 1619 182 1647 ex
214 1603 332 1662 lege,
375 1618 471 1660 quae
510 1602 633 1660 nulia
664 1603 813 1656 fuerit,
849 1616 1027 1658 prorsus
1072 1603 1236 1643 nescio.
1300 1600 1414 1643 Nam
1448 1615 1591 1657 poena

120 1692 216 1726 rata
241 1684 280 1726 si
315 1683 402 1724 dici
430 1689 595 1736 posset,
629 1690 748 1722 esset
777 1695 848 1728 ea,
885 1694 980 1736 quae
1010 1679 1177 1720 inflicta
1209 1679 1342 1720 alicui
1376 1693 1464 1720 non
1495 1694 1590 1720 mu-

118 1770 299 1804 taretur.
364 1760 414 1802 Si
459 1773 671 1815 usquam,
730 1758 801 1800 hic
840 1766 1040 1799 tenemus
1081 1766 1251 1811 partem
1294 1757 1592 1798 adnotationis

119 1837 406 1895 marginalis,
450 1853 581 1894 quam
625 1837 888 1893 adscriptam
935 1836 1075 1878 codici
1121 1835 1358 1890 archetypo
1403 1835 1592 1889 scriptor

119 1918 283 1960 codicis
315 1917 579 1958 Parisiensis
611 1925 729 1959 recte
762 1915 926 1965 omisit,
959 1916 1006 1966 ii,
1037 1915 1111 1969 qui
1143 1913 1345 1956 secundae
1380 1921 1423 1954 et
1450 1913 1591 1954 tertiae

119 1995 300 2038 familiae
331 1995 455 2037 codd.
486 2004 688 2038 auctores
721 1995 916 2043 fuerunt,
950 2007 1048 2035 cum
1079 1991 1309 2034 Ciceronis
1341 1990 1488 2032 verbis
1517 1989 1591 2031 de-

121 2075 391 2130 scripserunt
423 2073 470 2128 ¹.)

148 2310 181 2355 ¹)
206 2309 329 2345 Paulo
363 2312 452 2344 ante
486 2308 533 2343 A.
567 2303 831 2352 Augustinum
863 2300 1178 2350 praepositionem
1217 2311 1242 2333 a
1271 2303 1378 2333 recte
1404 2298 1592 2334 delevisse

213 2370 384 2418 putabo,
420 2368 544 2404 donee
569 2366 644 2401 erit
667 2366 871 2406 inventus,
914 2362 982 2410 qui
1007 2359 1244 2407 argumentis
1273 2364 1313 2394 et
1340 2360 1440 2407 aptis
1470 2370 1577 2395 exem

216 2431 294 2478 plis
318 2429 510 2470 ostendat,
533 2433 638 2463 reete
663 2427 740 2462 diei
766 2430 1054 2462 sacrosanctum
1076 2435 1156 2458 esse
1182 2434 1208 2455 a
1234 2422 1373 2467 capitis
1398 2432 1593 2455 conseera-

217 2493 332 2527 tione.
392 2489 500 2536 [Cap.
528 2492 585 2529 15,
613 2490 660 2522 34
692 2498 922 2534 quamquam
952 2482 1185 2522 parisiensi,
1223 2480 1290 2527 qui
1315 2480 1432 2514 habet
1457 2479 1596 2524 foedus

216 2553 368 2599 fecisse,
391 2562 472 2586 non
498 2549 623 2585 solum
634 2548 729 2583 Oxx.
758 2547 848 2588 duo,
873 2544 941 2580 sed
966 2554 1069 2578 nunc
1096 2541 1210 2576 etiam
1234 2545 1401 2588 uterque
1427 2540 1594 2575 Beruen-

220 2614 274 2650 εἰς
298 2612 538 2659 adjungitur,
564 2616 692 2646 tamen
717 2620 763 2643 ex
779 2608 920 2656 jecisse
943 2604 1009 2650 (E,
1035 2604 1131 2639 Oxx.
1158 2602 1202 2647 2)
1241 2608 1348 2638 reete
1373 2603 1516 2637 factum
1540 2601 1594 2636 vi-

219 2674 335 2710 detur
359 2676 482 2715 icisse,
512 2671 617 2721 quod
643 2675 681 2706 et
705 2672 805 2717 apud
822 2668 1050 2703 Ciceronem
1076 2665 1134 2710 (in
1157 2663 1287 2699 Pison.
1314 2667 1395 2708 §28
1408 2664 1457 2705 Ε,
1481 2663 1596 2705 Oxx.)

222 2741 263 2772 et
287 2736 389 2784 apud
411 2735 565 2773 Livium
603 2733 731 2779 (xxl,
762 2734 819 2772 18,
844 2728 996 2770 xxxl,
1011 2732 1048 2772 2,
1063 2727 1146 2772 XL,
1163 2728 1203 2772 8)
1231 2731 1270 2762 et
1294 2724 1398 2772 apud
1421 2723 1598 2760 Tacitum

1286 2801 1328 2832 30
