1821 3309
286 199 385 249 233

221 343 281 376 iv.
297 343 350 374 10.
363 335 526 384 recepit)
552 336 686 381 recipit

311 399 534 435 adolescens
558 397 613 431 ita
634 394 750 430 dilexi
767 398 911 440 senem)

355 474 433 497 sen.
459 461 522 495 ad.
550 461 607 494 ita
632 460 698 494 dil.

310 523 466 567 consul)
493 523 728 557 consulatum

314 586 403 630 ego)
431 596 471 619 eo

220 651 272 682 ll.
311 658 381 694 pro
408 645 463 680 rei
487 645 670 691 puhlieae)
697 645 879 690 reipubl.

310 707 640 753 (ferrentur-ferri
662 706 709 743 G.
735 711 759 740 t.
787 706 874 752 ΗΓ.)

249 771 292 806 V.
309 773 362 804 13.
383 769 594 812 Quorsum)
623 781 780 815 quorsus

312 836 350 866 et
380 832 594 877 eleganter)
621 837 734 875 atque
760 831 806 864 el.

311 904 351 928 se
376 893 490 937 dicit)
517 906 556 928 se
581 894 731 928 dicitur.

222 959 274 990 ll.
315 955 442 998 Sicut)
469 957 586 990 sicuti

311 1017 570 1062 Flamininus)
599 1017 812 1052 Flaminius
833 1016 873 1050 G.
889 1021 913 1050 t.

360 1078 428 1114 lzr.

313 1140 468 1186 quidem
491 1140 526 1173 V
552 1144 589 1173 et
611 1139 696 1182 LX)
726 1140 764 1174 V
783 1146 819 1175 et
846 1140 919 1174 LX

221 1206 272 1237 16.
312 1202 571 1247 contemplor)
593 1202 807 1246 conplector

315 1263 450 1306 faeiat)
475 1263 575 1307 facit

313 1328 410 1373 (qme
439 1325 633 1358 iuventute
658 1323 744 1367 Br.)

221 1388 283 1421 Vl.
312 1386 473 1429 seniles)
503 1386 642 1420 similes

313 1449 381 1492 (ad
399 1459 484 1493 pac.
511 1460 539 1482 c,
561 1448 704 1492 Pyrrho
719 1445 820 1492 foed.
837 1444 916 1490 fae.

357 1510 444 1552 ΒΓ.)

222 1575 276 1607 16.
313 1570 406 1614 viai)
432 1571 496 1605 via
526 1568 570 1603 G.
598 1573 624 1605 t.
648 1568 715 1605 Rr.

311 1632 409 1676 hzee)
436 1634 535 1666 hanc

312 1694 552 1741 superiorem
577 1693 837 1736 consulatum)

358 1769 458 1792 cons.
487 1769 565 1802 sup.
593 1756 636 1789 G.
660 1760 686 1791 t.
702 1755 768 1790 Rr.

221 1822 275 1855 17.
311 1817 410 1852 nihil
445 1819 574 1863 agere)
617 1829 731 1863 uslere
769 1818 865 1852 nihil

360 1879 407 1913 G.
433 1884 461 1915 t.
488 1879 555 1914 ΗΡ.

313 1941 461 1984 dicant)
492 1941 625 1975 dicunt

223 2007 275 2039 18.
312 2005 407 2048 (iam
432 2014 502 2049 pro
533 2004 608 2037 iam
646 2002 711 2036 diu
737 1999 803 2035 Iit.
840 2010 918 2033 non

360 2064 592 2108 adnotavit.)

224 2129 279 2162 19.
316 2126 458 2166 (muzus
481 2131 537 2159 est
560 2124 645 2166 ΗΡ.)

221 2191 277 2221 20.
317 2187 490 2228 externa)
521 2191 699 2219 externas

314 2246 538 2289 labefactas)
567 2245 829 2290 labefactatas

314 2307 616 2351 Proveniebant)
648 2309 918 2352 provenientur

223 2371 373 2407 Vll.2l.
389 2375 454 2404 aut
480 2369 532 2412 si)
555 2374 623 2403 aut
650 2370 764 2403 etiam
791 2370 826 2403 si

314 2432 355 2467 in
384 2431 604 2466 memoriam
638 2430 771 2474 redeo)
809 2432 917 2467 redeo

362 2495 401 2528 in
429 2507 530 2531 mem.
556 2493 600 2529 G.
626 2496 651 2526 t.
678 2491 744 2526 lir.

316 2557 466 2599 senum)
493 2568 616 2591 senem

224 2620 280 2652 22.
317 2618 530 2661 (dummodo
577 2629 647 2664 pro
692 2617 797 2652 modo
843 2625 921 2648 non

366 2678 450 2711 adn.
477 2679 560 2722 lit.)

317 2738 508 2782 iudicum)
543 2740 720 2773 iudicium

225 2803 281 2836 23.
320 2799 602 2845 obmutescere)
631 2800 872 2835 obmutiscere

319 2861 496 2897 omnibus
514 2862 591 2907 his)
619 2862 785 2898 onmibus
801 2862 847 2895 iis
875 2859 917 2893 G.

369 2927 393 2957 t.
419 2922 480 2957 Rr.

980 338 1038 371 24.
1074 336 1223 381 (mirum
1251 336 1301 370 sit
1325 345 1396 382 pro
1432 338 1563 372 mirum
1599 349 1677 374 non

1123 396 1209 431 adn.
1230 396 1318 442 lzr.)

1073 458 1265 504 prosient)
1293 461 1444 504 prosint
1469 460 1512 497 G.
1538 465 1563 497 t.
1587 460 1652 496 Rr.

981 523 1037 556 25.
1073 520 1245 564 (dubitat
1256 532 1326 567 pro
1341 522 1488 557 antiret
1502 532 1580 557 non
1594 522 1680 560 adn.

1122 581 1211 625 ΗΓ.)

985 642 1087 678 Vlll.
1109 642 1269 688 Melius)
1297 646 1347 679 Et
1371 647 1501 682 melius

985 708 1043 738 26.
1084 716 1216 739 eorum
1239 709 1435 752 senectus)
1462 713 1635 744 senectus

1127 779 1252 801 eol'lssn

1078 832 1121 861 ut
1147 827 1346 873 Solonem)
1376 835 1418 863 ut
1443 835 1480 865 et
1507 830 1681 866 Solonem

1077 894 1169 924 nota
1196 892 1340 934 essent)
1368 897 1492 925 essent
1519 898 1612 927 nota

986 951 1119 986 1X.27.
1137 951 1169 985 is
1198 952 1317 997 enim)
1343 954 1400 987 his
1427 953 1522 987 enim

984 1017 1040 1048 28.
1075 1012 1237 1047 decorus
1255 1016 1330 1058 est)
1348 1020 1404 1049 est
1419 1015 1576 1049 decorus
1592 1013 1634 1048 G.
1655 1018 1680 1047 t.

1125 1075 1191 1110 Ιίν-

983 1140 1039 1171 29.
1085 1135 1415 1180 adolescentulos)
1443 1137 1659 1171 adulescen-

1124 1203 1180 1232 tes

1079 1260 1151 1293 ista
1178 1259 1279 1305 ipsa)
1310 1260 1395 1304 ipsa
1426 1260 1500 1293 ista

1079 1321 1193 1363 (enim
1217 1331 1288 1365 pro
1315 1321 1451 1354 etenim
1475 1320 1559 1365 Rr.)

1006 1380 1308 1417 x.31.Tc1·tiam
1345 1382 1447 1415 enim
1471 1381 1563 1427 iam)
1596 1384 1680 1418 Ter-

1128 1444 1219 1476 tiam
1246 1443 1322 1476 iam
1347 1444 1444 1477 enim

1081 1504 1205 1548 Quam
1228 1504 1295 1549 ad)
1322 1505 1376 1539 ad
1399 1517 1510 1550 qnam

1079 1571 1117 1600 at
1135 1570 1179 1600 ut
1189 1586 1235 1591 —
1247 1569 1341 1611 non)
1356 1568 1425 1602 sed
1435 1580 1501 1602 sex
1512 1567 1683 1601 nestoris

1122 1629 1271 1676 quodsi
1281 1629 1354 1663 sibi
1364 1630 1548 1663 acciderit
1561 1629 1683 1663 aiacis

1122 1691 1277 1725 similem
1313 1691 1454 1725 habeat
1488 1691 1617 1726 ducem
1640 1695 1683 1725 at

1123 1757 1165 1785 ut
1191 1752 1365 1786 Nestoris
1393 1764 1469 1786 non.

984 1816 1040 1847 32.
1077 1824 1216 1846 annum
1244 1815 1334 1858 ago)
1361 1826 1434 1859 ‘¹9⁰
1459 1826 1602 1848 amium

1078 1873 1225 1917 Acilio)
1256 1887 1322 1908 om.

1082 1938 1178 1981 (non
1225 1936 1371 1982 afflixit
1406 1947 1476 1982 pro
1517 1948 1585 1972 nec
1617 1937 1683 1981 aff.

1127 2009 1206 2031 non
1232 1997 1315 2032 adn.
1345 1997 1432 2041 ΚΡ.)

1082 2059 1159 2101 cui)
1187 2060 1253 2107 qui

987 2124 1043 2159 34.
1078 2121 1223 2164 avitus)
1251 2121 1404 2154 habitus

987 2181 1054 2216 xl.
1080 2182 1267 2229 (quomam
1305 2191 1376 2226 pro
1404 2191 1485 2224 qaue
1517 2191 1593 2214 non
1616 2178 1683 2214 ΚΓ.

1125 2254 1203 2276 non
1228 2241 1334 2285 adn.)

986 2307 1042 2338 35.
1077 2303 1131 2337 ita
1156 2303 1290 2348 multi)
1317 2302 1428 2337 nmlti
1450 2303 1508 2336 ita

1079 2365 1217 2399 vitium
1229 2367 1302 2408 est)
1316 2370 1371 2399 est
1382 2364 1512 2399 vilium
1523 2361 1567 2396 G.
1582 2366 1606 2396 t.
1617 2360 1681 2396 Rr.

1081 2426 1224 2460 infirmi
1253 2428 1361 2470 sunt)
1390 2425 1458 2470 inf.
1486 2425 1574 2459 sint.

992 2492 1048 2523 36.
1089 2487 1383 2532 exercitatione)
1410 2486 1646 2522 exercitatio-

1130 2563 1219 2584 num
1244 2550 1520 2596 defetigatione

991 2615 1047 2646 37.
1087 2611 1154 2646 illa
1180 2611 1292 2646 domo
1325 2623 1407 2646 mos
1442 2609 1589 2657 patrius
1625 2609 1682 2652 et)

1129 2675 1192 2709 illo
1219 2675 1367 2708 animus
1389 2673 1542 2718 patrius

989 2738 1045 2770 38.
1083 2735 1248 2778 nemini)
1275 2735 1392 2768 menti

1082 2796 1330 2842 (pontificium
1353 2793 1436 2838 Rr.)

1083 2855 1258 2903 obrepat)
1283 2857 1456 2901 obreptat
