1821 3309
1479 211 1543 263 17

137 354 252 399 Mire
278 355 452 412 proelia
480 354 683 396 Cornelii
703 353 998 411 appellantur,
1031 352 1189 410 quibus
1222 351 1499 407 interfuerit,
1526 368 1607 398 nec

135 434 309 491 proelia
352 442 519 476 tantum
565 441 928 484 enumeraverat,
985 447 1036 474 ac
1081 447 1135 473 ne
1177 434 1385 487 proximo
1432 434 1606 488 quidem

135 513 233 556 loco
263 513 535 561 nominarat3
578 513 857 553 interiectum
904 519 970 553 est
1004 511 1143 552 enim:
1188 524 1281 551 cnm
1312 511 1517 566 Pompeio
1549 513 1609 553 ad

135 596 377 633 extremam
421 589 529 632 belli
572 596 738 646 tempus
768 589 936 640 fuisse.
1004 589 1194 640 Deinde,
1230 603 1324 644 quae
1361 590 1606 646 adiungun—

135 678 220 721 tur,
260 667 395 725 longe
436 668 550 710 alius
593 678 693 710 sunt
733 671 926 726 generiS,
968 668 1113 719 labor,
1156 668 1408 720 assiduitas,
1447 677 1606 720 cetera,

135 747 225 789 alia
265 748 399 789 etiam
441 738 654 789 orationis
688 749 829 790 forma
878 749 1034 802 (talis).
1104 747 1192 790 Sed
1225 746 1453 799 facillime,
1492 749 1607 803 quod

133 827 324 883 perspici
354 825 474 878 volo,
519 827 785 884 intelligitur
816 842 877 868 ex
910 828 982 878 iis,
1013 840 1107 882 quae
1143 826 1211 867 his
1243 827 1463 868 contraria
1495 826 1607 867 infe-

133 913 317 947 runtur:
351 906 542 947 Praemia
575 907 746 961 quidem
781 910 878 961 ipsa
911 919 997 946 uon
1029 911 1128 947 sunt
1158 910 1204 946 in
1235 909 1330 946 eius
1346 904 1500 956 facto,
1534 910 1612 960 qui

133 983 319 1038 adeptus
358 989 447 1033 est,
493 984 572 1024 sed
614 988 661 1024 in
703 989 811 1035 elus,
852 988 930 1038 qne·
973 983 1108 1024 dedet.
1179 982 1334 1038 Itaque
1376 983 1607 1038 distinguit

135 1059 307 1113 Cicero,
352 1060 453 1117 quid
495 1062 634 1116 ipsius
676 1064 733 1102 sit
775 1060 989 1113 Cornelii,
1033 1063 1076 1102 in
1123 1062 1217 1102 eius
1250 1061 1365 1102 facto
1397 1063 1606 1117 positum,

135 1140 238 1196 quid
269 1154 355 1181 non
387 1140 499 1191 eius,
532 1140 609 1180 sed
642 1139 845 1182 aliorum.
913 1140 1022 1192 Iam,
1055 1142 1226 1196 opinor,
1256 1149 1394 1195 patet,
1427 1139 1604 1182 Cicero-

133 1232 235 1260 nem
259 1218 514 1274 scripsisse:
546 1217 657 1260 Haec
687 1226 789 1261 suut
824 1219 1033 1271 Cornelii,
1061 1220 1166 1260 1(ιῖιέ
1193 1218 1386 1275 (qualem
1418 1219 1609 1273 ostendi)

132 1300 182 1338 iu
211 1310 344 1352 remp.
374 1303 565 1338 nostram
598 1297 735 1350 labor,
768 1307 868 1340 cett.
928 1298 1094 1340 Eodem
1135 1298 1262 1339 modo
1298 1298 1402 1339 dicit
1436 1299 1607 1339 statim:

134 1374 242 1417 Hoec
284 1381 386 1417 sunt
418 1380 565 1418 omnia
600 1382 784 1433 propria
824 1378 1033 1419 Cornelii.
1099 1378 1280 1418 Proelia
1313 1378 1508 1432 ineptum
1542 1384 1610 1418 est

134 1453 488 1509 supplementum
536 1456 726 1498 hominis
772 1457 1125 1507 substantivum,
1182 1471 1206 1496 a
1250 1469 1335 1510 quo
1381 1456 1607 1511 genitivus

135 1533 362 1589 penderet,
393 1532 700 1576 desiderantis.
760 1536 862 1577 Fuit
892 1544 1038 1576 tamen
1071 1536 1115 1574 in
1148 1548 1199 1574 eo
1231 1533 1395 1584 codice,
1431 1548 1489 1575 ex
1521 1548 1605 1590 quo

136 1625 288 1653 omnes
331 1613 469 1652 nostri
511 1612 629 1654 ducti
663 1622 778 1654 sunt.
845 1614 1105 1655 Proximum
1135 1613 1339 1654 mendum
1375 1621 1529 1654 notare
1563 1623 1608 1654 et

136 1704 323 1746 arguere
370 1704 564 1745 possum,
608 1694 831 1748 corrigere
877 1707 962 1733 non
1011 1707 1202 1747 possum.
1265 1691 1378 1733 Nam
1420 1707 1455 1733 c.
1496 1694 1539 1743 3,
1579 1694 1608 1732 6

134 1768 299 1810 editur:
345 1765 423 1808 Sic
440 1767 636 1817 famam,
678 1773 743 1810 sic
774 1774 1124 1811 e'moeocenle’ssc'mc'
1160 1768 1345 1810 hominis·
1372 1769 1607 1821 fortunas,

128 1849 489 1902 praestantis-sime·
546 1851 826 1903 imperatoris
872 1847 1052 1899 saelum
1110 1848 1395 1889 condemnari
1441 1849 1606 1890 volunt.

132 1924 276 1977 Patet,
320 1927 541 1967 contraria
585 1940 683 1968 esse
710 1927 945 1979 fortunas,
975 1927 1185 1977 faenum·
1227 1926 1364 1977 fama
1408 1927 1488 1969 illa
1522 1942 1605 1983 quo

132 2005 368 2059 pertineat,
411 2018 498 2045 non
546 2014 743 2062 apparet,
786 2007 902 2061 quod
944 2005 1210 2047 vocabulum
1245 2005 1323 2046 illo
1355 2005 1453 2047 loco
1486 2008 1604 2062 posi-

134 2091 226 2124 tum
247 2090 306 2134 et,
334 2085 521 2138 repetita
546 2084 777 2138 particula,
814 2086 1060 2126 seiunctum
1096 2099 1183 2126 non
1211 2086 1352 2141 magis
1384 2099 1478 2125 cum
1508 2100 1606 2127 ver-

132 2164 200 2207 bis
239 2167 593 2206 innocentissimi
627 2163 812 2205 hominis·
842 2179 972 2220 quam
1004 2179 1101 2207 cum
1134 2163 1302 2215 alteris,
1330 2167 1605 2218 praestantis-

132 2246 236 2285 simi
258 2246 551 2300 imperatorie,
581 2242 785 2294 cohaeret,
812 2251 870 2295 et,
898 2245 934 2284 si
960 2244 1217 2291 cohaereret,
1248 2241 1445 2284 turbaret
1472 2256 1606 2284 mem·

133 2320 310 2364 brorum
352 2322 565 2364 orationis
600 2323 968 2372 concinnitatem3
1002 2338 1082 2365 nec
1112 2323 1239 2364 famae
1271 2320 1401 2364 Balbi
1435 2323 1606 2378 pericu-

133 2399 224 2440 lum
260 2408 354 2442 erat
384 2415 526 2456 neque
559 2403 834 2442 existimatio
871 2403 966 2443 eius
999 2400 1227 2459 agebatur.
1292 2401 1442 2456 Itaque
1475 2412 1607 2441 voces

134 2481 198 2518 sic
230 2475 408 2527 famam
453 2478 716 2532 depravatas
759 2493 871 2529 esse,
904 2488 1038 2534 patet.
1098 2480 1147 2520 Id
1181 2479 1414 2519 manifesto
1448 2477 1607 2518 confir·

134 2564 224 2597 mat
257 2555 401 2597 codex
441 2555 720 2606 Parisiensis,
761 2557 807 2596 in
841 2570 925 2611 quo
958 2556 1163 2598 scribitur
1189 2560 1231 2598 εἰ
1244 2555 1377 2606 fame
1406 2559 1448 2596 εἰ
1482 2560 1607 2596 inno-

134 2637 400 2685 centissimi,
456 2634 658 2690 idemque
699 2636 744 2676 in
797 2636 936 2676 tertiae
986 2634 1166 2677 familioe
1217 2635 1415 2691 principe
1456 2634 1606 2676 codice

133 2712 289 2764 fuisse,
318 2712 480 2754 indicio
509 2721 610 2754 sunt
635 2712 762 2756 Oxx.
795 2722 882 2756 tres
909 2715 968 2768 (εί
993 2713 1283 2765 tamensame
1313 2716 1366 2765 si,
1398 2716 1440 2754 si
1462 2717 1606 2754 tamen

132 2787 265 2837 famoe
307 2793 360 2842 si,
404 2796 468 2833 sic
497 2791 654 2844 famae,
690 2793 825 2836 altero
861 2798 926 2835 sic
958 2793 1156 2847 omisso).
1220 2791 1492 2834 Erfurtensis
1528 2791 1608 2833 hoc

1321 2877 1345 2908 2
