1821 3309
308 241 409 290 344

245 395 346 424 nem
387 380 556 422 dixisse
596 377 814 437 putemus,
856 382 949 436 ipse
981 379 1151 432 Cicero,
1195 382 1269 436 qui
1299 380 1351 421 ad
1382 378 1475 422 Att.
1503 380 1612 432 XII,
1641 385 1697 424 21

245 478 272 503 a
310 460 445 502 Bruto
479 475 526 501 se
562 459 756 515 maligne
796 458 1018 501 laudatum
1059 462 1121 501 sic
1159 461 1378 516 queritur:
1434 460 1515 502 Me
1555 467 1698 503 aulem

243 539 314 582 hic
343 539 538 594 (Brutus)
569 539 739 587 laudat,
790 539 904 593 qnod
940 539 1199 590 rettulerim,
1239 553 1324 580 non
1366 539 1482 594 qnod
1518 539 1697 595 patefe-

245 623 401 671 cerim,
445 618 560 674 quod
599 617 846 659 cohortatus
883 621 986 669 sim,
1019 618 1134 673 quod
1169 619 1356 674 deniqne
1397 625 1524 670 ante,
1573 633 1699 675 quam

244 698 533 749 consulerem,
574 701 667 752 ipse
708 697 1009 738 indicaverim.
1089 695 1195 745 Qum
1235 702 1405 749 omnia,
1448 702 1553 753 quia
1593 698 1700 740 Cato

244 776 447 819 laudibus
485 777 712 818 extulerat
748 780 794 817 in
832 777 976 817 caelam
1013 777 1412 833 perscribendaque
1451 783 1695 828 censuerat,

243 857 409 899 idcirco
442 860 490 897 in
523 860 616 897 eius
645 861 902 897 senlenlc'am
935 862 1000 897 est
1013 855 1152 906 facta
1184 856 1404 897 discessio.
1466 856 1551 898 His
1581 858 1698 899 enim

242 935 391 978 verbis
434 935 680 977 Ahrensius
710 942 769 991 (p.
806 937 862 976 59
893 933 1006 991 sqq.)
1042 936 1213 976 ostendi
1255 945 1401 991 putat,
1441 934 1697 977 Ciceronem

243 1017 385 1067 initio,
426 1029 557 1071 quum
588 1015 642 1056 ad
673 1024 870 1056 senatum
902 1015 1099 1065 referret,
1132 1017 1372 1056 orationem
1407 1013 1613 1056 habuisse
1645 1015 1700 1056 ad

241 1103 466 1136 senatores
497 1093 800 1144 cohortandos,
832 1103 984 1150 postea
1018 1093 1128 1135 nihil
1158 1094 1341 1135 dixisse.
1400 1093 1528 1144 Quod
1559 1103 1698 1136 totum

243 1182 550 1229 argumentum
589 1174 697 1213 miro
740 1187 886 1214 errore
932 1182 1079 1213 natum
1122 1182 1214 1224 est,
1267 1172 1380 1228 quod
1422 1172 1514 1214 hoec
1563 1172 1700 1215 verba

244 1259 474 1308 antequam
524 1253 814 1302 consulerem,
868 1266 962 1307 quae
1010 1254 1053 1292 in
1103 1253 1231 1292 tertio
1286 1250 1479 1292 membro
1529 1251 1700 1294 inclusa

241 1340 356 1382 sunt,
397 1331 450 1372 ad
494 1329 741 1371 cohortalem
780 1333 858 1370 eim
899 1329 1134 1370 transtulit.
1199 1329 1327 1379 Quod
1362 1338 1507 1372 autem
1541 1329 1695 1373 Cicero

241 1419 508 1466 postremum
539 1411 677 1465 ponit,
719 1424 766 1450 se
799 1410 974 1451 omnino
1014 1423 1097 1449 non
1134 1417 1416 1464 exspectasse
1443 1411 1698 1461 sententias,

246 1503 340 1546 quae
372 1489 424 1530 de
456 1503 597 1545 poena
628 1489 888 1540 dicerentur,
929 1489 1003 1529 sed
1034 1489 1173 1543 ipsum
1207 1496 1307 1528 ante
1337 1488 1571 1539 iudicasse,
1614 1503 1702 1530 non

242 1578 330 1610 tam
363 1570 604 1610 orationem
637 1584 662 1609 a
692 1582 738 1609 se
770 1570 815 1609 in
848 1568 1076 1609 referendo
1119 1567 1310 1609 habitam
1338 1567 1558 1624 significat
1590 1570 1698 1623 (tum

243 1650 359 1690 enim
391 1657 434 1689 et
462 1649 527 1689 rei
557 1656 712 1688 natura
753 1656 796 1688 et
827 1646 1027 1689 Sallustii
1068 1656 1397 1703 ceterorumque
1430 1649 1700 1690 narrationes

246 1737 289 1769 et
319 1730 415 1784 ipse
459 1727 529 1769 hic
572 1726 696 1768 loeus
733 1726 936 1777 ostendit,
980 1725 1148 1767 nullum
1183 1735 1346 1768 certum
1376 1741 1530 1780 poenae
1561 1741 1702 1782 genus

246 1809 517 1849 nominatum
546 1807 700 1856 fuisse,
734 1807 808 1847 sed
841 1808 1045 1847 universe
1076 1815 1274 1847 senatum
1307 1805 1565 1857 consultum,
1600 1806 1704 1863 quid

245 1885 343 1928 fieri
374 1884 546 1941 vellet‚)
593 1901 721 1941 quam
757 1887 889 1926 animi
931 1886 1192 1926 sententiam
1237 1886 1333 1940 ipso
1362 1884 1591 1926 relationis
1624 1901 1701 1942 ge-

244 1981 348 2007 nere
390 1965 683 2014 declaratam,
738 1979 822 2020 quo
870 1974 1018 2021 aperte
1059 1979 1251 2021 praesens
1296 1964 1538 2006 remedium
1574 1964 1702 2021 flagi·

244 2053 421 2086 taretur.
442 2045 474 2098 ¹)
538 2043 628 2085 Iam
660 2043 768 2084 illud
805 2044 943 2100 qualis
972 2053 1038 2084 est
1064 2045 1275 2095 inscitiae,
1318 2053 1479 2099 quartae
1514 2046 1703 2086 orationi

245 2123 390 2164 locum
432 2122 621 2178 relinqui
663 2137 826 2178 negare
871 2124 934 2176 (ut
974 2123 1078 2163 facit
1114 2121 1359 2163 Ahrensius
1390 2136 1432 2176 p.
1463 2124 1555 2171 97),
1586 2124 1701 2178 quod

247 2200 548 2251 Quintilianus
586 2200 713 2253 (XII,
756 2203 824 2250 10,
874 2203 945 2251 ol,
984 2203 1057 2256 qui
1089 2200 1212 2241 locus
1243 2201 1505 2256 depravatus
1540 2201 1624 2254 est)
1654 2210 1701 2243 et

242 2280 460 2323 Asconius
492 2279 561 2333 (ad
590 2286 699 2320 orat.
731 2280 775 2318 in
801 2278 936 2330 Pis.§
965 2281 993 2319 4
1025 2295 1063 2335 p.
1095 2281 1175 2320 122
1203 2279 1323 2330 Hot.)
1356 2293 1485 2320 unam
1519 2279 1698 2322 videan-

245 2367 314 2399 tur
348 2356 598 2415 significare
630 2358 871 2398 orationem
916 2373 942 2399 a
972 2357 1183 2400 Cicerone
1212 2359 1256 2399 in
1290 2367 1444 2399 senatu
1475 2359 1519 2399 in
1548 2357 1700 2401 Catili-

234 2452 347 2479 nam
376 2436 570 2478 habitam
586 2436 603 2478 ’ἓ
646 2436 756 2486 Quis
790 2438 905 2478 enim
936 2452 1022 2479 non
1052 2438 1186 2489 videt,
1218 2452 1477 2494 quamquam
1508 2436 1576 2481 hae
1606 2453 1703 2481 ora-

278 2610 307 2652 ι)
345 2607 516 2642 Orellius
545 2608 657 2642 etiam
683 2606 796 2642 verba
822 2607 923 2653 quod
945 2606 1191 2652 patefecerim
1214 2606 1334 2641 refert
1358 2607 1407 2642 ad
1430 2606 1536 2641 illam
1559 2606 1696 2641 oratio.

338 2680 424 2703 nem
449 2669 627 2703 relationi
653 2670 895 2715 praemissam.
944 2668 1018 2703 Sed
1043 2668 1232 2716 patefacta
1259 2669 1383 2703 omnia
1406 2668 1554 2716 pridem
1578 2673 1698 2711 erant,

339 2741 441 2763 nunc
475 2734 620 2765 tantum
654 2731 700 2766 de
738 2743 860 2778 poena
895 2734 1032 2766 actum.
1079 2730 1328 2766 Manifestum
1364 2735 1434 2771 est,
1461 2728 1698 2773 Ciceronem,

340 2790 442 2837 quod
479 2791 520 2825 in
561 2792 646 2838 ipso
681 2799 815 2828 senatu
851 2792 923 2827 hoc
952 2792 1014 2827 die
1046 2792 1161 2826 nullae
1195 2792 1276 2826 eius
1313 2790 1389 2824 nisi
1425 2791 1624 2826 relationis
1657 2797 1697 2827 et

341 2852 615 2888 cohortationis
650 2857 750 2900 (quae
788 2859 844 2888 cst
879 2854 920 2889 in
954 2859 1047 2889 orat.
1086 2853 1156 2897 lv)
1181 2858 1308 2900 partes
1333 2852 1511 2896 fuissent,
1537 2853 1696 2890 aliarum

340 2913 450 2949 simul
479 2927 602 2950 rerum
630 2916 749 2951 Bruto
777 2915 961 2951 rationem
997 2915 1206 2951 hahendam
1233 2915 1353 2951 fuisse
1377 2915 1516 2951 dicere.
