1821 3309
1495 123 1562 173 39

152 255 405 312 interpolati
438 258 571 311 suntj)
610 257 795 299 habent:
818 257 1048 312 proferam
1077 264 1331 300 testeseram
1359 259 1458 313 (ΑΕ
1475 266 1627 304 testes-

150 349 290 377 semm
325 334 359 376 B
393 334 688 389 testesferam)
729 336 899 390 legatos
939 340 1089 377 excito
1132 336 1237 388 (hoc
1267 339 1399 379 etiam
1429 338 1551 380 Oxx.
1583 354 1624 396 χ,

150 424 202 467 ψ,
234 413 302 455 ed.
340 415 464 463 1472,
499 414 623 466 1480)
656 414 909 454 laudatores
940 413 1000 454 ml
1028 413 1107 454 lcoc
1140 416 1350 456 iudicium
1384 425 1465 457 etc.
1500 419 1626 472 <quos

149 493 355 533 omittunt
386 492 517 532 etiam
552 490 675 532 Oxx.
705 491 800 547 Ηχ,
831 490 928 532 edd.
961 495 1104 540 vett.).
1180 491 1295 533 Hinc
1328 493 1474 547 prodit
1505 493 1624 535 nullo

149 570 330 626 negotio
379 569 712 624 elegantissima
752 570 991 624 scriptura:
1044 568 1274 619 Proferam
1318 576 1622 619 tesseram,-

149 649 324 703 Iegator
357 652 538 695 eam-clm
574 647 828 689 laudatores
856 647 916 689 ad
943 646 1025 690 Ιιοο
1054 647 1263 689 indiciam
1297 669 1350 677 --
1381 653 1531 690 missos
1561 654 1623 692 υί-

150 726 279 768 detis.
344 725 622 781 Hospitalem
665 735 877 768 tesseram
921 725 1125 768 absoluta
1172 729 1370 769 oratione
1429 726 1624 783 prolatu-

149 820 246 863 rum
288 819 335 846 se
380 805 619 860 proniittit3
661 804 832 861 legatos
873 814 1113 860 praesentes
1153 807 1238 847 iam
1285 820 1399 847 nunc
1434 820 1617 861 surgere

149 883 298 933 iubet,
341 884 550 939 cuiusque
584 884 672 924 sint
706 884 933 939 dignitatis
965 884 1194 933 homines,
1226 885 1430 926 ostendit.
1481 883 1624 925 Graeci

152 961 224 1003 vel
259 962 404 1016 potius
425 959 580 1001 Graeco
614 959 772 1000 similis
805 962 938 1001 moris
974 969 1040 1001 est
1072 970 1239 1002 tessera
1271 961 1504 1015 hospitalis
1535 976 1622 1003 non

150 1042 293 1082 minus
339 1052 467 1094 quam
510 1038 606 1092 ipsa
655 1037 832 1092 hospitii
878 1039 993 1079 inter
1036 1040 1260 1081 civitatem
1310 1048 1353 1080 et
1402 1040 1621 1095 privatum

148 1117 417 1160 constitutio.
484 1115 595 1156 Mox
621 1116 938 1157 redundantem
970 1126 1067 1171 post
1098 1117 1319 1159 ablativos
1353 1132 1622 1173 consequen-

146 1199 217 1238 tiae
264 1193 523 1252 particulam
576 1199 665 1235 tum
715 1194 803 1248 (Re
853 1217 909 1225 —-
963 1197 1170 1238 inaudita
1221 1221 1301 1249 —‚
1355 1199 1622 1250 gravissima

145 1283 234 1317 tum
269 1278 372 1328 etc.)
407 1273 584 1324 ferrem,
614 1274 652 1314 si
686 1273 859 1315 codices
888 1276 1200 1327 consentirent,
1220 1289 1482 1332 quamquam
1500 1273 1621 1314 nulla

147 1354 218 1396 hic
260 1355 355 1395 eius
394 1352 607 1408 ponendee
651 1366 783 1393 causa
811 1360 894 1401 est,
926 1367 1021 1408 quae
1053 1362 1193 1405 esset,
1233 1356 1270 1395 si
1315 1362 1621 1395 asseveranter

147 1433 367 1473 diceretur
401 1436 488 1471 tum
519 1430 686 1471 demum
720 1430 827 1483 (vid.
860 1429 950 1472 Cic.
983 1431 1082 1471 Fin.
1113 1432 1192 1482 IV,
1221 1433 1291 1481 13,
1322 1433 1392 1483 32,
1422 1434 1467 1472 in
1487 1432 1618 1473 Verr.

145 1510 243 1554 Aet.
279 1508 314 1559 I,
346 1510 415 1558 10,
446 1509 517 1558 31,
548 1508 600 1548 de
633 1507 758 1549 Orat.
794 1507 852 1559 ΙΙ,
882 1510 953 1560 77,
983 1509 1082 1560 315,
1118 1508 1359 1552 Schwartz·
1405 1509 1460 1550 ad
1504 1508 1619 1550 Tur-

144 1587 242 1631 sell.
276 1602 315 1642 p.
344 1586 460 1636 879),
505 1594 548 1626 et
591 1586 913 1627 incommodum
955 1585 1100 1628 locum
1143 1595 1289 1638 tenet3
1326 1602 1454 1640 nunc,
1486 1602 1617 1643 quum

144 1666 268 1709 codd.
299 1662 490 1719 (PABE)
533 1672 577 1704 et
612 1664 708 1705 edd.
747 1672 850 1704 vett.
886 1663 1076 1705 habeant
1108 1671 1275 1716 aulem,
1313 1666 1517 1707 mendum
1551 1667 1617 1706 vi-

145 1746 242 1795 deo,
275 1742 625 1795 emendationem
662 1756 748 1782 non
784 1742 926 1783 video.

254 1821 391 1864 Paulo
429 1827 527 1875 post
571 1820 660 1873 (42)
704 1818 895 1875 pusillus
927 1833 1048 1861 error
1082 1834 1233 1861 omnes
1264 1820 1455 1861 editores
1489 1820 1617 1861 fefel-

142 1903 220 1951 lit3
251 1914 393 1956 neque
434 1898 549 1938 enim
585 1912 733 1953 quum,
766 1913 852 1954 qua
883 1900 1021 1940 simus
1055 1897 1298 1948 voluntate,
1331 1900 1618 1948 ostendimus,

140 1980 352 2023 iudicium
399 1975 640 2018 voluntatis
682 1984 842 2018 nostrae
885 1978 1232 2032 interponimus,
1278 1977 1353 2016 sed
1387 1976 1614 2017 indiciam.

142 2059 257 2101 Tum
290 2060 313 2110 ξ
343 2057 429 2105 43,
473 2053 549 2095 ubi
582 2062 673 2096 est:
715 2068 771 2096 ue
800 2058 1113 2110 intera-neptum
1154 2058 1215 2095 sit
1250 2057 1307 2095 z'e's
1341 2058 1427 2096 iter
1457 2067 1618 2109 perpe-

139 2144 245 2188 leco,
284 2135 454 2178 codices
494 2131 693 2186 (ΡΑΒΕ,
736 2132 829 2175 ΟΧ.
863 2136 915 2185 1,
969 2142 1074 2177 vett.
1108 2133 1227 2186 edd.)
1268 2135 1421 2188 reponi
1464 2131 1617 2174 iubent

140 2220 335 2270 sceptrum
375 2211 449 2253 ubi
491 2219 636 2253 autem
669 2211 831 2254 editur:
877 2210 984 2260 Ques
1012 2216 1124 2253 enlm
1156 2218 1347 2253 nostrum
1383 2216 1470 2262 est,
1512 2212 1616 2252 scri-

142 2293 330 2335 bendum
380 2299 446 2332 est
496 2289 679 2331 meliore
731 2291 910 2333 ordine:
973 2289 1082 2339 Ques
1133 2297 1197 2332 ese
1260 2294 1375 2332 enim
1424 2295 1616 2331 nostrum

139 2369 346 2423 (PABE).
407 2368 511 2421 (Ed.
543 2370 654 2410 1472
700 2367 808 2417 Ques
839 2373 949 2410 em'm
983 2370 1206 2421 nostrum.)

253 2446 409 2501 Capite
446 2447 498 2485 19
527 2454 747 2495 extrenum,
782 2461 835 2487 ne
867 2449 963 2501 quis
995 2461 1090 2488 cum
1122 2446 1326 2486 Ernestio
1360 2452 1403 2484 et
1430 2443 1615 2485 Schuet-

140 2521 236 2572 zio,
278 2519 520 2562 Garatonio
562 2530 606 2563 et
650 2521 823 2564 Orellio
858 2537 943 2564 non
978 2521 1354 2577 improbantibus,
1400 2535 1423 2562 e
1466 2521 1614 2562 codice

141 2600 332 2654 pessimo
355 2598 703 2655 Guelferbytano
734 2599 866 2642 scribi
898 2600 1022 2641 malit
1053 2598 1439 2651 arbitremur-‚ubi
1471 2599 1615 2640 editur

141 2676 407 2718 arbitramur
451 2677 593 2729 (Quos
637 2683 775 2734 igilur
813 2680 1177 2734 prudentissimos
1212 2683 1476 2733 interpretes
1512 2677 1612 2728 loe-

142 2755 286 2796 derum
303 2769 460 2797 -esse
477 2756 810 2811 arb0·0·a1nur.·2),
843 2766 917 2800 aut
937 2772 996 2799 ex
1015 2758 1286 2799 Erfurtensis
1304 2758 1386 2800 scri
1392 2763 1518 2812 ptura
1542 2768 1613 2797 ar-

142 2832 412 2875 bitrabamur
459 2833 623 2878 efficiat
661 2835 999 2890 arbitrabimur,
1049 2836 1280 2879 dicendum
1316 2843 1382 2878 est
1415 2832 1608 2875 breviter
