1821 3309
1487 194 1556 245 29

144 338 283 382 late33
318 346 375 375 ex
411 332 480 374 his
512 331 779 374 Garatonius
815 333 989 374 tertiam
1022 335 1282 390 composuit,
1326 349 1456 391 quam
1487 334 1621 378 Orel-

145 411 233 454 lius
264 414 454 469 recepitt
486 412 630 467 Atqui
659 417 812 452 celer-ce
849 415 1054 452 civitatee
1085 426 1230 454 onmes
1259 436 1316 446 --
1345 421 1515 456 nostros
1544 414 1618 458 Ιιο-

144 496 282 533 nn'ues
307 491 388 532 (stc.
452 490 621 531 Verum
643 498 751 540 erat,
773 489 904 545 quod,
926 488 1151 532 Gulielmo
1175 500 1414 547 praeeunte,
1437 493 1621 535 Schuet-

142 571 239 611 zius
273 569 477 617 dederat3
509 583 610 610 nam
642 567 853 609 Romanis
887 570 1096 610 universe
1131 578 1171 610 et
1207 571 1452 626 generatim
1486 574 1619 614 ceteri

145 649 354 690 contrarii
401 656 637 704 ponuntur,
681 661 825 688 ovines
867 647 967 689 addi
1010 662 1090 690 nec
1122 663 1231 702 opus
1263 659 1356 690 erat
1387 658 1430 690 et
1465 665 1619 706 parum

144 737 294 785 aptum
316 727 365 781 ¹).
440 725 541 768 Non
587 740 764 782 possum
813 735 976 778 autem,
1020 728 1123 782 quin
1170 728 1319 778 mirer,
1360 727 1619 773 Ciceronem

144 816 232 848 tam
263 807 422 848 vitiose
454 807 758 861 scripsisse—
778 820 863 861 quo
895 807 1010 846 enim
1042 805 1131 847 alio
1163 808 1340 847 nomine
1372 807 1621 864 appellem?

143 910 198 918 —
237 889 519 928 civitates
562 887 620 925 in
664 897 801 925 secas·
851 888 1136 926 civitates
1175 884 1368 927 homenes
1405 892 1618 944 recipere,

143 965 260 1008 idem
294 961 558 1006 vocabulum
594 962 771 1002 diverso
804 960 1057 1017 significatu
1090 962 1405 1016 duplic-antem.
1468 966 1525 1007 Et
1556 976 1618 1009 ta·

143 1059 243 1087 men
270 1044 334 1084 sic
361 1042 550 1096 scripsit.
612 1040 730 1082 Satis
758 1041 843 1081 iam
870 1048 936 1080 est
965 1038 1220 1088 molestum,
1248 1042 1363 1096 quod
1390 1044 1620 1098 praecedit:

145 1127 191 1164 ut
212 1133 392 1177 quceque
416 1120 487 1173 (σί
501 1134 522 1160 υ
537 1122 583 1160 ct
599 1132 626 1160 a
641 1122 680 1172 s)
698 1122 959 1160 —'ma.z·c'me
979 1143 1019 1148 -
1037 1124 1101 1159 est
1127 1123 1363 1161 com'uucla
1388 1121 1489 1175 (PE
1504 1121 1544 1164 A
1560 1120 1618 1170 B;

144 1199 280 1257 vulgo
329 1202 564 1240 coniuncta
606 1201 704 1250 est),
749 1201 813 1239 ita
840 1221 896 1229 —
925 1202 1261 1240 communionem
1296 1198 1617 1251 beneficiorum,

139 1282 435 1334 proemiorum,
468 1280 743 1318 civitatis
778 1280 1004 1317 continere
1035 1277 1171 1330 (recte
1199 1278 1434 1321 Weiskius
1466 1279 1617 1322 scribit

146 1361 443 1400 communione
475 1380 530 1388 -
561 1359 798 1411 contineri)
834 1355 1078 1409 vc‘clelur2).

171 1570 200 1611 ι)
239 1568 472 1613 [Beruenses
502 1571 627 1601 tamen
656 1565 808 1601 codices
830 1565 1011 1600 videntur
1037 1564 1198 1600 habere:
1225 1567 1401 1602 civitates
1430 1578 1553 1604 omncs
1576 1589 1617 1596 -

237 1636 385 1665 nostros
411 1642 549 1670 omncs,
580 1633 624 1663 ut
651 1628 709 1665 cd.
737 1630 841 1669 1480,
866 1627 1063 1662 Garatonii
1079 1628 1340 1663 coniecturam
1364 1629 1615 1677 adiuvantes]

167 1694 200 1736 2)
238 1691 381 1727 Eadem
407 1690 644 1738 paragrapho
671 1690 784 1724 scrib.
814 1691 868 1724 ad
893 1696 1040 1724 ceteras
1067 1693 1140 1725 ite»-
1167 1693 1342 1726 civitates
1368 1691 1464 1735 (PE,
1479 1697 1559 1727 tum
1572 1693 1616 1735 B,

236 1765 314 1788 non
341 1754 395 1797 A)
421 1757 459 1787 et
486 1757 655 1786 extremo
683 1751 810 1797 capite
850 1754 890 1794 (5
920 1753 982 1794 30)
1020 1752 1060 1784 in
1087 1753 1203 1785 aliam
1230 1764 1270 1787 se
1296 1754 1486 1788 csvimeem
1513 1755 1617 1790 dica-

235 1817 290 1851 m‘t
319 1814 433 1859 (PE),
459 1813 655 1860 frequenti
682 1812 922 1859 pronominis
950 1813 1266 1859 transpositione,
1322 1813 1537 1861 Utrumque
1561 1821 1619 1850 cst

237 1877 350 1911 etiam
380 1876 420 1910 in
449 1875 504 1909 cd.
540 1877 629 1908 1472
657 1879 695 1907 ct
725 1876 840 1914 1480,
870 1878 913 1906 ut
939 1872 1019 1907 haec
1046 1874 1194 1908 minora
1222 1879 1355 1921 postca
1384 1881 1529 1911 mutata
1557 1889 1618 1924 ap-

236 1941 378 1984 pareat.
435 1936 559 1971 Simul
599 1948 642 1969 cx
674 1935 808 1969 multis
846 1934 1003 1968 indiciis
1043 1935 1195 1969 illarum
1226 1935 1311 1972 cdd.
1336 1941 1465 1982 patet,
1507 1950 1619 1985 quam

235 1998 488 2044 indiligenter
513 1997 624 2036 codd,
657 1996 753 2031 Oxx.
788 1995 920 2030 collati
949 1996 1038 2030 sint.
1090 1996 1150 2040 (C.
1179 2000 1236 2038 10,
1262 2001 1307 2032 26
1333 2008 1353 2030 e
1379 1997 1514 2032 PEAB
1543 2009 1618 2034 scr.

236 2062 390 2096 virtutis
414 2061 609 2106 prcemiis.)
676 2057 790 2101 Quod
817 2057 929 2091 initio
957 2058 1095 2104 capitis
1124 2058 1312 2104 scriptum
1341 2063 1401 2092 cst
1429 2058 1471 2093 iu
1497 2060 1617 2094 omni-

235 2122 308 2157 bus
336 2121 446 2157 codd.
495 2122 570 2155 cim·
613 2120 781 2154 Romano
829 2120 916 2153 licet
959 2131 1038 2154 csse
1092 2120 1351 2160 Gaditanum,
1378 2121 1615 2165 grammatici

238 2196 369 2219 omncs
414 2183 558 2223 citant;
597 2181 759 2221 merit03
816 2192 903 2214 nam
946 2182 1007 2224 (ut
1052 2179 1126 2214 hoc
1165 2180 1207 2214 in
1249 2185 1475 2216 transcursu
1501 2182 1599 2217 attin

235 2248 339 2292 gam)
381 2245 498 2280 alium
531 2245 660 2279 locum
693 2242 787 2277 honi
825 2241 1027 2289 scriptoris
1065 2246 1205 2288 praeter
1240 2241 1343 2286 hune
1383 2248 1421 2278 et
1459 2243 1612 2280 Terent.

234 2307 374 2342 Heaut.
402 2307 462 2350 ΙΙ,
501 2309 544 2349 4,
589 2310 612 2340 8
647 2305 734 2350 (ubi
768 2305 874 2339 bonis
911 2315 932 2338 a
969 2303 1147 2338 Bentleio
1185 2293 1263 2348 est)
1303 2309 1342 2339 et
1377 2305 1614 2349 Quintiliani

238 2369 338 2411 vll,
381 2372 399 2402 1
417 2395 428 2411 ,
474 2372 518 2402 19
573 2358 637 2401 vix
684 2365 902 2414 reperient,
976 2365 1032 2408 si,
1095 2369 1139 2399 ut
1190 2377 1261 2412 par
1308 2371 1387 2406 est,
1446 2378 1511 2402 eos
1558 2379 1616 2402 cx-

241 2429 437 2476 ceperint,
475 2440 571 2476 quos
605 2427 758 2462 codices
801 2427 981 2473 eripiunt.
1041 2426 1136 2461 Nam
1162 2426 1265 2472 apud
1294 2426 1427 2464 norat.
1478 2428 1556 2462 Sat.
1585 2432 1618 2469 1,

238 2496 275 2531 4,
302 2493 347 2524 39
372 2488 517 2524 rectius
543 2488 710 2522 Acronis
741 2488 809 2532 (ad
835 2488 866 2528 1,
892 2492 926 2528 6,
949 2489 1017 2530 25)
1061 2487 1294 2520 auctoritate
1319 2487 1506 2522 scribitur
1528 2491 1614 2534 poi?-

236 2554 298 2587 tis.
356 2549 520 2585 Caesaris
556 2548 666 2583 locus
703 2548 761 2592 (B.
793 2548 834 2582 C.
861 2548 943 2589 111,
986 2549 1021 2581 1:
1064 2548 1100 2581 ei
1132 2548 1272 2582 licebat
1299 2561 1379 2584 esse
1409 2550 1616 2595 consulem)

236 2614 294 2648 nil
317 2611 434 2647 habet
459 2609 674 2656 argumenti
702 2609 749 2643 ob
777 2609 1046 2656 compendium
1064 2608 1265 2655 scripturae
1280 2609 1320 2642 iu
1339 2609 1448 2644 codd.
1470 2612 1617 2656 (cona).

236 2675 284 2710 ln
309 2673 471 2714 ceteris,
493 2683 590 2719 quos
616 2670 795 2706 nonnulli
823 2671 968 2712 citant,
1003 2670 1125 2712 loeis,
1159 2669 1267 2704 velut
1293 2670 1341 2704 ad
1362 2671 1482 2707 Attio.
1509 2672 1571 2714 X,
1596 2676 1618 2708 8

237 2740 342 2780 (nam
378 2735 517 2770 medios
556 2746 635 2769 esse
670 2735 744 2768 iam
782 2746 857 2768 non
895 2733 1040 2777 licebit)
1078 2731 1231 2767 dativus
1258 2731 1390 2767 nullus
1416 2733 1615 2780 praecedit‚

238 2797 343 2844 quod
369 2808 488 2843 genus
515 2807 594 2830 non
619 2795 712 2830 satis
739 2795 907 2830 diiunxit
919 2794 1104 2830 Heinsius
1130 2793 1179 2828 ad
1205 2793 1317 2829 ovid„
1334 2794 1491 2830 Heroid.
1509 2795 1616 2835 xlv,

238 2861 294 2894 61.
345 2858 511 2894 Maxime
535 2856 613 2893 huc
637 2857 832 2905 pertinere
860 2855 1014 2892 videtur
1039 2857 1149 2903 Vir-g.
1176 2855 1266 2891 AEn.
1293 2855 1352 2899 Χ,
1380 2859 1467 2892 235:
1505 2856 1617 2891 Hanc
