1821 3309
1433 235 1530 287 301

125 387 243 421 etum
275 380 414 433 erat),
455 378 515 419 ita
548 391 633 419 non
665 377 844 434 paucis,
888 390 1199 432 nonnunquam
1230 374 1431 430 pluribus
1463 381 1603 422 mani-

124 459 337 500 festorum
371 467 414 498 et
445 457 673 498 foedorum
703 470 898 498 errorum
931 455 1133 496 sordibus
1163 455 1311 496 oblitae
1343 467 1458 501 sunt.
1521 463 1603 502 At-

127 552 210 593 que
263 537 374 577 hanc
426 538 640 576 rationem
696 536 732 575 si
774 533 982 574 refellere
1035 548 1213 588 prorsus
1271 543 1313 575 et
1361 552 1603 592 coarguere

127 630 286 663 coner,
345 614 479 669 longa
525 628 633 668 opus
679 615 735 652 sit
780 615 978 653 oratione
1018 620 1061 652 et
1101 611 1155 652 ab
1190 612 1272 653 hoc
1304 613 1402 655 loco
1433 617 1604 667 aliena3

125 709 290 751 genera
321 694 515 749 qua-(lam
551 701 593 732 et
624 692 786 732 formas
818 691 990 731 errandi
1023 690 1243 745 exemplis
1279 693 1456 735 notabo.

240 772 401 814 Merito
435 786 604 812 summa
647 772 689 810 in
732 769 899 825 aliquot
940 768 1212 810 orationibus
1254 769 1440 815 habetur
1485 776 1603 817 codi-

127 853 190 893 cis
231 852 502 892 Erfurtensis
550 850 804 890 auctoritas.
883 848 967 889 Sed
1002 863 1096 888 eam
1131 850 1305 904 quidam
1338 852 1398 892 ita
1435 854 1603 910 ample..

128 939 328 981 ctuntur‚
380 939 453 980 ut,
510 928 662 979 obliti,
718 937 759 967 et
804 928 937 967 totius
981 929 1075 967 eius
1112 928 1317 980 familiae,
1374 931 1425 972 ad
1472 948 1602 988 quam

124 1012 355 1067 pertinet,
408 1010 451 1049 in
493 1009 711 1049 communi
753 1005 880 1046 laude
921 1007 1052 1046 etiam
1095 1010 1341 1049 communia
1387 1012 1603 1054 nonnulla

126 1104 224 1131 esse
267 1088 422 1130 menda
466 1095 509 1126 et
542 1087 742 1141 proprios
782 1084 984 1135 subinde,
1018 1093 1062 1124 ut
1095 1084 1159 1136 fit,
1190 1087 1232 1126 in
1265 1086 1343 1127 illo
1380 1089 1602 1133 scribendi

125 1181 296 1211 errores
342 1165 636 1221 deprehendi,
686 1179 736 1204 ea
776 1178 836 1203 ex
878 1163 955 1204 illo
999 1178 1083 1204 uno
1124 1166 1334 1221 arripiant
1381 1177 1423 1209 et
1470 1185 1602 1212 exor-

126 1256 256 1299 nent,
303 1247 347 1287 in
392 1243 549 1300 quibus
593 1244 805 1298 impressa
845 1252 910 1283 est
950 1242 1234 1299 negligentiae
1277 1255 1394 1287 nota.
1461 1248 1601 1291 Velut

123 1342 203 1383 pro
257 1324 421 1367 Archia
465 1328 487 1376 ξ
530 1325 611 1373 11,
681 1321 755 1361 ubi
799 1321 1046 1362 Antiochiae
1099 1323 1398 1379 adiunguntur
1447 1334 1600 1369 σείει-ω

125 1415 283 1464 praeter
326 1405 463 1458 ipsam
510 1401 635 1441 Ase'ce
667 1406 843 1454 parles,
906 1400 974 1440 his
1025 1410 1169 1442 autem
1225 1409 1383 1444 cuncta
1427 1405 1601 1449 Graecia

127 1486 232 1540 (non
276 1492 418 1538 partes
455 1479 635 1520 Graeciae
679 1493 819 1534 neque
860 1488 1014 1519 cetera:
1057 1482 1250 1535 partes),
1295 1497 1425 1537 quum
1467 1484 1600 1528 libra-

125 1565 216 1606 rius
269 1561 398 1602 liuius
454 1560 581 1599 unius
627 1559 787 1599 codicis
833 1559 1060 1599 notissimo
1113 1561 1274 1601 erroris
1326 1576 1489 1616 genere
1542 1566 1597 1608 ad

126 1643 251 1685 Astoe
282 1639 468 1680 alterum
505 1638 749 1692 genitivum
782 1637 1153 1678 accommodasset
1184 1639 1453 1695 (cunc-Meque
1481 1643 1599 1684 Grae..

130 1724 260 1773 eice),
291 1719 331 1758 id
370 1716 571 1757 lx‘lotzius
605 1714 821 1770 probavit.
882 1716 1032 1771 Itaque
1065 1726 1238 1772 propter
1270 1718 1384 1760 hunc
1417 1724 1599 1766 nimium

126 1798 396 1842 Erfnrtensis
462 1794 622 1834 codicis
680 1809 871 1835 amorem
927 1795 1168 1851 negligitur
1221 1799 1351 1838 etiam
1411 1800 1599 1845 aliorum

126 1878 321 1921 eiusdem
355 1872 533 1915 santilitc
563 1873 756 1913 codicum
791 1888 874 1914 non
905 1875 1047 1914 minus
1081 1872 1321 1927 bonorum,
1348 1879 1421 1919 sed
1456 1882 1600 1924 minus

124 1957 255 2014 plene
287 1962 487 1996 notorum
517 1953 810 2004 incorruptius
842 1953 1166 2002 testimonium,
1200 1962 1246 1993 ut
1277 1956 1319 1995 in
1353 1955 1601 2002 Miloniana

127 2034 363 2090 aliquoties
416 2029 578 2070 codicis
635 2027 930 2071 Coloniensis.
1005 2029 1135 2071 Hunc
1183 2032 1228 2072 in
1278 2031 1396 2086 §51
1446 2051 1598 2081 omnes

126 2121 368 2169 sequuntur
401 2111 445 2150 in
481 2108 628 2150 verbis
660 2109 720 2150 ud
749 2123 819 2160 se,
851 2108 992 2149 solum
1030 2110 1125 2150 veri
1160 2118 1332 2162 testem,
1364 2121 1406 2153 et
1440 2116 1600 2170 in§92

126 2194 170 2233 in
214 2190 472 2246 pronomine
511 2192 650 2243 ipsos,-
703 2187 778 2228 sed
820 2187 930 2242 §88
980 2196 1130 2229 contra
1172 2187 1302 2230 huius
1351 2200 1393 2232 et
1437 2195 1599 2238 codicis

126 2269 401 2326 palimpsesti
440 2270 744 2309 auctoritatem
788 2281 813 2307 a
854 2265 1035 2307 Klotzio
1077 2277 1330 2310 revocatum
1373 2281 1441 2313 est
1475 2288 1601 2330 aper-

127 2349 308 2390 tissimae
360 2347 543 2402 originis
588 2345 960 2395 additamentum,
1009 2354 1055 2385 ut
1086 2345 1373 2390 scriberetur:
1419 2351 1601 2395 C'oesure's

119 2429 367 2482 potentium
420 2438 539 2464 setam
589 2427 831 2477 polemium
878 2437 970 2463 esse
1010 2423 1210 2474 dicebat,
1257 2440 1342 2480 qua
1385 2431 1600 2485 scriptura

127 2504 347 2559 frangitur
403 2501 574 2557 pondus
623 2502 835 2541 orationis
886 2501 930 2541 in
987 2514 1105 2541 suam
1153 2503 1408 2546 incumbens
1459 2522 1599 2565 eaque

128 2580 316 2624 efficitur
353 2580 523 2631 forma,
573 2593 667 2635 qua:
713 2588 815 2634 apta
859 2588 1000 2630 esset,
1048 2580 1083 2619 si
1136 2584 1353 2624 contraria
1394 2585 1599 2630 substan-

128 2662 221 2701 tiva
259 2660 374 2699 inter
418 2672 465 2699 se
519 2658 803 2699 referrentur.
883 2655 977 2698 Nec
1011 2657 1192 2700 meliore
1223 2661 1385 2703 iudicio
1417 2666 1460 2705 in
1492 2666 1596 2720 §81

127 2739 378 2780 restitutum
413 2745 479 2778 est
513 2738 556 2777 in
588 2736 816 2778 simillima
855 2738 1066 2778 orationis
1103 2737 1242 2780 forma
1288 2741 1444 2794 (sulse
1475 2749 1596 2799 cupi.

130 2820 188 2859 tis
230 2830 356 2872 quam
397 2816 584 2870 vestrl),
633 2815 747 2872 quod
787 2814 865 2856 ille
907 2815 1050 2857 codex
1089 2832 1202 2859 unus
1243 2822 1429 2873 omittit,
1477 2824 1596 2864 ordi.

129 2898 221 2946 nis,
274 2895 400 2950 quasi
429 2895 647 2947 iudicum,
704 2894 787 2937 hoc
820 2902 886 2937 est
927 2903 1206 2950 senatorum,
1246 2900 1467 2956 equitum,
1521 2904 1598 2943 tri-
