1821 3309
1525 124 1557 170 5

167 259 402 303 vincialeni
433 261 709 317 proconsulis
741 262 1085 303 iurisdictionem
1118 262 1354 316 pertineret
1381 261 1476 315 (cfr.
1509 261 1620 305 Plut.

161 339 314 396 Pomp.
347 341 437 394 lo),
472 341 541 381 ius
574 340 752 381 dixerit.
775 340 806 392 1)

269 416 512 459 -Difficilior
542 425 609 458 est
635 417 759 458 locus
791 418 916 457 initio
949 432 984 458 c.
1015 419 1056 469 4,
1083 420 1112 458 6
1139 418 1191 458 de
1222 416 1463 472 Byzantiis,
1495 430 1623 472 quem

159 497 221 537 sic
265 496 474 550 scriptum
520 503 564 535 et
602 497 737 536 ceteri
774 496 907 536 edunt
952 504 995 537 et
1041 495 1265 536 Orellius:
1319 494 1425 543 (lace
1459 496 1622 550 (signa)

157 574 234 615 illi
271 572 481 614 exhausta·
511 573 748 628 seaemplc'bas
778 573 988 629 bellisque
1031 577 1250 626 maximis,
1282 588 1408 629 queam
1439 572 1622 615 BIz'lltn'-

159 652 328 694 date‘cos
358 655 542 706 impetus
573 658 793 708 totumque
816 653 997 694 Pontum
1028 658 1240 694 cti-ntalem
1267 652 1621 704 effervescentem

156 734 206 772 in
234 730 389 772 Asiam
420 736 552 786 atque
576 738 881 786 erumpentem,
911 744 1030 787 aegre
1060 732 1276 786 repulsam
1309 737 1353 772 et
1380 730 1623 772 cervicibus

157 810 441 851 interclusum
485 813 575 850 suis·
614 813 894 861 sustinerent,
937 816 1041 862 leem,
1082 813 1275 864 inquam,
1323 808 1536 864 Byzantii
1580 814 1623 849 ec

154 893 309 941 postea
341 891 471 941 signa
514 888 596 928 illa
625 894 667 928 el
698 890 867 943 reliqna
899 887 1019 929 urbis
1059 893 1315 928 ornamenta
1350 890 1622 928 sanctissime

159 965 377 1006 custodita
407 970 655 1005 tenuerunt.
710 967 797 1007 Sed
825 967 870 1006 in
902 979 1009 1006 voce
1038 978 1151 1019 tegre
1182 965 1415 1005 manifesta
1449 972 1621 1004 tenetur

157 1042 462 1099 interpolati03
502 1056 602 1084 nam
635 1042 696 1094 P,
728 1043 822 1084 Pal.
854 1046 882 1085 9
914 1052 956 1084 et
987 1044 1072 1084 duo
1106 1041 1198 1093 alii,
1234 1042 1327 1086 cod.
1361 1041 1411 1084 C.
1449 1041 1620 1097 steph„

158 1121 304 1173 Rath„
348 1120 499 1162 Oxon.
544 1136 656 1162 unus
701 1121 865 1163 habent
898 1136 988 1172 ore,
1034 1136 1113 1177 pro
1156 1135 1240 1176 quo
1276 1122 1320 1161 in
1360 1121 1622 1170 Erfurtensi,

154 1200 376 1254 duplicata
405 1199 568 1251 littera,
610 1200 816 1242 scribitur
849 1195 981 1253 πίονι),
1023 1202 1066 1242 in
1114 1199 1441 1252 Gemblacensi‚
1474 1199 1621 1241 addita

156 1282 242 1322 ista
266 1293 391 1330 voce,
418 1291 536 1333 oegrc
562 1280 702 1333 orest)
763 1279 850 1330 Qui
879 1279 1114 1336 diligenter
1137 1280 1387 1330 attenderit,
1416 1278 1621 1332 reperiet,

160 1357 421 1399 Ciceronem
452 1356 535 1399 hoc
565 1357 663 1399 loco
694 1367 737 1400 et
767 1361 809 1399 in
842 1358 1130 1414 ambiguitate
1158 1357 1364 1399 vocabuli
1394 1356 1547 1397 ludere
1578 1363 1621 1395 et

157 1437 350 1491 imagine
384 1435 439 1476 ad
472 1444 668 1477 nostrum
702 1451 879 1478 sensum
912 1438 1041 1477 nimis
1076 1437 1230 1477 audaci
1266 1451 1315 1477 ac
1348 1448 1486 1491 paene
1519 1431 1619 1474 sub·

156 1513 346 1556 absurda
375 1514 457 1562 uti,
484 1513 657 1568 qualem
690 1529 820 1556 unani
849 1523 892 1556 et
918 1514 1103 1556 alteram
1133 1515 1177 1555 in
1208 1512 1434 1555 Ciceronis
1462 1512 1621 1552 oratio·

156 1592 286 1634 nibus
319 1606 415 1632 esse
448 1591 761 1634 confiterentur
793 1593 923 1634 facile
955 1592 1191 1649 philologi,
1221 1593 1259 1633 si
1293 1591 1433 1632 libere
1462 1590 1515 1631 de
1546 1603 1621 1631 ve·

155 1670 323 1712 teribus
365 1678 408 1710 et
439 1671 635 1710 maxime
668 1672 720 1711 de
752 1671 834 1711 hoc
867 1672 1077 1723 scriptore
1110 1671 1303 1711 iudicare
1339 1669 1566 1710 auderent.
1585 1666 1627 1720 3)

154 1748 268 1791 Nam
297 1747 486 1789 Pontum
522 1756 566 1787 et
604 1762 788 1803 regnum
823 1747 1095 1789 Mithridatis
1130 1756 1354 1803 terrasque
1396 1746 1450 1787 ad
1481 1745 1619 1786 Euxi-

156 1841 259 1869 num
296 1840 416 1868 mare
457 1826 565 1867 sitas
596 1826 810 1882 intelligit
841 1838 883 1867 et
916 1825 1049 1868 simul
1075 1827 1218 1882 ipsum
1249 1839 1388 1874 mare,
1423 1831 1466 1865 et
1498 1822 1619 1864 illius

152 1907 274 1962 regis
320 1906 531 1960 impetum
574 1906 706 1946 maris
751 1890 1004 1946 vehementi
1049 1913 1157 1946 aestu
1203 1904 1534 1956 effervescentis
1578 1911 1621 1942 et

155 1987 419 2039 erumpentis
444 1982 687 2040 Asiamque
708 1984 961 2025 inundantis
984 1984 1177 2039 imagine
1198 1980 1437 2038 significat.
1492 1980 1621 2022 Pror—

153 2077 227 2104 sus
258 2061 454 2103 eiusdem
486 2072 552 2103 est
581 2065 774 2118 generis,
807 2062 920 2117 quod
951 2061 1067 2102 infra
1101 2063 1146 2102 in
1178 2060 1259 2102 hac
1292 2061 1389 2115 ipsa
1421 2059 1620 2100 oratione

153 2156 190 2183 c.
221 2142 290 2191 12,
330 2141 384 2181 31
417 2144 550 2182 maris
590 2143 790 2183 immensi
815 2139 1046 2190 fervorem
1089 2152 1174 2180 uon
1217 2139 1350 2180 solum
1383 2140 1621 2179 maritimos

179 2344 208 2387 ¹)
234 2346 270 2384 3,
293 2345 317 2376 5
341 2340 366 2376 l.
393 2343 441 2376 iis
466 2344 674 2388 prceposuit
697 2353 768 2390 pro
795 2343 852 2376 his
879 2341 956 2386 (P).

176 2405 210 2447 ²)
236 2404 271 2437 A
297 2403 420 2449 prima
448 2407 486 2437 et
511 2403 625 2438 tertia
651 2403 796 2438 familia
819 2414 899 2437 non
924 2401 1121 2447 discrepat
1147 2400 1323 2447 profecto
1351 2399 1423 2434 hoe
1454 2399 1539 2433 loco
1566 2406 1621 2431 sc,

245 2463 392 2503 sunda;
423 2462 492 2498 sed
515 2463 614 2497 nihil
641 2464 865 2498 adnotatum
893 2467 963 2498 est.

177 2527 210 2571 ³)
236 2524 323 2572 Ipsa
348 2523 440 2565 illa,
478 2535 562 2570 quae
588 2523 788 2571 sequitur,
823 2522 1028 2557 vehemens
1059 2520 1212 2555 Pisonis
1238 2519 1408 2554 absentis
1435 2517 1619 2552 allocutio

242 2586 285 2621 in
323 2584 395 2620 hae
431 2585 623 2619 senatoria
659 2583 938 2619 deliberatione
974 2582 1112 2618 similis
1140 2586 1198 2617 cst
1225 2583 1435 2616 multorum
1461 2578 1624 2613 aliorum

242 2646 420 2682 locorum
454 2645 496 2680 in
530 2644 594 2680 his
621 2645 888 2687 orationibus,
929 2655 1012 2692 quae
1035 2648 1123 2692 post
1150 2643 1326 2679 exsilium
1350 2641 1492 2676 hahitae
1519 2644 1622 2679 sunt,

246 2707 433 2742 tumidius
468 2707 704 2754 scriptorum
742 2707 784 2742 in
825 2710 1011 2754 perpetua
1056 2704 1264 2741 eorundem
1300 2703 1498 2740 hominum
1523 2700 1621 2736 inse-

249 2768 416 2805 ctatione
432 2793 442 2810 ‚
469 2767 674 2806 earundem
699 2778 826 2804 rerum
854 2767 1225 2804 commemoratione.
