1821 3309
1397 214 1492 263 211

98 355 323 414 probibuit
356 356 425 397 hic
466 370 637 412 quoque
682 355 951 397 adscribere:
985 361 1027 395 et
1056 360 1266 410 qmesz'z·c'l,
1308 370 1408 398 uum
1445 362 1562 412 quic·

97 451 224 493 quam
257 435 371 478 dem?
395 437 425 489 ¹)

209 514 518 557 Confitendum
561 523 626 555 est
659 515 805 569 igitur,
855 512 965 553 nihil
1013 513 1154 554 adhuc
1193 515 1244 554 de
1280 514 1360 556 hoc
1401 531 1561 571 genere

98 597 310 638 orationis
340 595 544 636 traditum
589 607 712 643 esse,
762 592 875 647 quod
924 593 1152 634 veritatem
1198 595 1448 648 attingeret.
1510 596 1562 635 Et

96 685 242 717 tamen
275 688 347 716 res
379 675 509 716 certis
542 681 585 714 et
614 671 839 714 facillimis
870 671 1038 727 regulis
1072 672 1383 728 comprehendi
1421 684 1561 730 potest

98 754 181 796 hoc
214 755 371 797 modo:

207 834 267 877 A.
327 833 485 876 Omnis
521 834 824 888 interrogatio,
866 846 960 888 quae
993 841 1111 874 recta
1147 836 1345 874 oratione
1378 832 1426 874 fit
1461 836 1564 875 sim-

96 913 270 971 pliciter
303 929 380 971 per
412 914 585 956 modum
608 914 892 955 indicativum
913 916 1066 968 primoe
1098 919 1142 953 et
1175 917 1318 954 terta‘oe
1349 927 1565 967 pet-soum,

97 996 141 1035 in
173 996 372 1036 oratione
404 993 585 1049 obliqua
612 994 767 1034 transit
795 994 836 1033 in
871 995 1167 1034 accusativum
1200 1008 1295 1034 cum
1329 991 1565 1042 infinitivo,

98 1073 244 1124 Quum
284 1075 399 1115 enim
442 1073 729 1128 interrogatio
772 1070 880 1112 nihil
923 1071 1041 1112 aliud
1095 1074 1151 1112 sit
1194 1074 1277 1112 nisi
1327 1072 1565 1113 declaratio

97 1161 173 1194 aut
203 1153 410 1194 universe
442 1151 493 1192 ad
538 1149 841 1192 affirmandum
883 1152 1190 1207 negandumve
1232 1153 1460 1208 proposita
1493 1162 1565 1194 aut

98 1233 222 1274 cuius
262 1246 364 1287 pars
405 1231 554 1287 aliqua
593 1232 820 1287 ignoratur
860 1240 903 1271 et
944 1234 1169 1287 quaeritur,
1213 1247 1432 1288 quumque
1470 1230 1567 1273 infi-

100 1313 192 1353 nita
223 1313 538 1353 sententiarum
567 1311 706 1352 forma
735 1313 777 1352 in
809 1320 1019 1366 perpetua
1047 1314 1244 1352 oratione
1272 1311 1452 1368 obliqua
1482 1327 1565 1352 non

99 1392 156 1434 ad
199 1400 361 1432 certam
407 1391 598 1447 aliquam
642 1400 685 1431 et
717 1393 964 1446 proximam
1010 1390 1262 1432 declarandi
1293 1394 1568 1434 sentiendive

101 1468 488 1527 significationem,
537 1471 613 1512 sed
645 1471 697 1512 ad
729 1470 982 1526 generalem
1016 1480 1059 1511 et
1093 1481 1303 1513 remotam
1338 1474 1568 1522 referatur,

104 1552 237 1592 etiam
279 1551 608 1606 interrogativae
656 1552 884 1591 sententiae
930 1552 968 1591 ei
1016 1552 1309 1607 interpositae,
1365 1555 1568 1609 quoniam

105 1629 215 1671 nulli
251 1638 370 1671 certo
416 1629 550 1671 verbo
584 1628 917 1681 subnectuntur,
957 1631 1156 1686 deposita
1187 1646 1265 1672 sua
1302 1642 1420 1683 nota,
1455 1648 1569 1674 com-

105 1724 282 1751 munem
327 1709 449 1750 illam
505 1709 662 1750 aliena!
712 1709 1022 1751 declarationis
1070 1711 1253 1752 formam
1308 1711 1569 1766 summumst)

129 1856 158 1898 ¹)
195 1853 363 1887 Omnino
390 1856 533 1893 errant,
575 1852 639 1900 qui
668 1852 954 1886 obliviscuntur
979 1852 1280 1893 (obliviscuntur
1308 1860 1433 1888 autem
1461 1855 1569 1889 multi

195 1920 233 1949 et
270 1917 402 1962 sa‘pe),
438 1915 722 1960 grammaticam
759 1915 899 1948 versari
947 1915 985 1948 in
1022 1915 1103 1961 ipsa
1141 1915 1261 1950 soi-ina
1297 1917 1571 1951 seiitt¹1itiai·um

197 1981 312 2022 atque
338 1987 381 2010 cx
409 1987 450 2010 ea
479 1977 606 2010 omnia
638 1977 816 2023 pendere.
853 1982 889 2010 et
915 1977 1198 2023 grammaticam
1228 1979 1501 2025 proprietatem
1528 1991 1570 2013 ex

200 2049 245 2072 eo
283 2038 492 2084 explicant,
529 2039 632 2086 quod
669 2038 798 2072 eadem
826 2052 885 2072 res
923 2039 998 2073 alio
1024 2039 1137 2073 modo
1164 2040 1380 2087 concipiet
1407 2041 1570 2087 proponi

199 2101 382 2148 potuerit.
412 2101 533 2136 Cuius
548 2101 700 2147 generis
715 2101 927 2148 exmnplum
943 2107 1013 2136 est.
1028 2114 1156 2149 «pium,
1170 2115 1217 2137 ne
1229 2108 1417 2148 rogantur
1432 2103 1575 2136 rectius

199 2163 246 2197 de
268 2164 565 2210 pronominibus
602 2167 800 2212 qnisquam
828 2169 865 2197 et
902 2165 1001 2198 ullus
1028 2165 1259 2212 praecipere.
1302 2165 1399 2199 lianc
1425 2171 1572 2199 senten-

201 2225 314 2262 tiam:
360 2227 466 2261 Titus
481 2229 599 2261 maior
621 2234 675 2261 est
698 2239 809 2274 quam
833 2228 1030 2274 quisquam
1052 2230 1165 2267 alins,
1192 2228 1403 2274 negativam
1431 2228 1574 2262 dicunt.

202 2288 335 2336 ltaque
373 2288 437 2336 qui
465 2301 588 2336 nuper
620 2289 666 2323 de
692 2288 752 2323 his
773 2289 972 2323 vocabulis
1000 2290 1091 2335 egit,
1118 2290 1447 2337 Stuerenlnuqfius
1469 2294 1575 2338 (post

201 2349 403 2385 Ciceronis
426 2351 548 2385 libros
575 2351 622 2385 de
645 2350 743 2396 0111),
770 2351 872 2398 quod
898 2352 944 2386 ab
965 2352 1030 2386 illa
1058 2352 1152 2387 falsa
1175 2355 1391 2399 negationis
1419 2354 1576 2388 notione

199 2412 398 2458 profectus
438 2418 533 2453 erat,
567 2424 712 2452 omnes,
749 2425 846 2460 quos
881 2419 1006 2454 norat,
1055 2416 1149 2449 certi
1186 2417 1337 2461 generis
1373 2417 1496 2453 locos,
1537 2415 1575 2447 in

202 2472 344 2520 quibus
370 2473 429 2508 vel
453 2475 613 2508 maxime
638 2474 778 2508 eminet
807 2480 940 2508 natura
960 2477 1214 2521 pronominis,
1238 2479 1454 2522 {leuet-alem
1474 2475 1576 2509 affir-

203 2535 406 2569 mationem
430 2535 699 2582 significantis,
725 2549 842 2583 quum
866 2537 921 2570 sie
942 2536 1101 2571 dicitur:
1130 2539 1222 2572 milei
1245 2541 1419 2574 accidere
1442 2543 1578 2584 potest.

201 2599 304 2646 quod
322 2600 497 2646 cuiquam
515 2604 653 2643 potest,
682 2600 881 2646 corrupit3
908 2599 1143 2646 corrupisset
1165 2600 1309 2647 plures,
1337 2601 1368 2636 si
1393 2601 1577 2636 collectos

204 2659 428 2701 habuissem
455 2659 522 2693 scd
548 2660 595 2694 (le
622 2660 682 2694 his
709 2660 814 2697 alias.

136 2723 171 2766 ²)
211 2721 292 2767 [Sic
317 2734 420 2757 nune
448 2734 527 2756 rem
551 2722 679 2757 verbis
708 2724 910 2771 complecti
939 2729 1099 2758 conatus
1124 2737 1221 2765 sum,
1252 2730 1294 2759 ut
1319 2726 1579 2760 satisfacerem

206 2785 579 2820 benevolentissima:
605 2786 858 2821 admonitioni
889 2792 927 2822 et
953 2786 1189 2822 dubitationi
1219 2788 1257 2823 L.
1288 2788 1329 2825 C.
1356 2790 1408 2826 M.
1434 2789 1578 2823 Auber-

209 2846 267 2887 tii,
291 2847 525 2895 professoris
551 2848 888 2890 Christianiensis,
928 2862 1039 2897 quam
1068 2850 1106 2884 in
1144 2851 1308 2898 epistola
1337 2852 1383 2886 :ul
1410 2864 1469 2886 me
1496 2850 1581 2884 data

212 2913 249 2942 et
277 2910 375 2957 typis
405 2911 596 2958 exscripta
622 2924 650 2945 a.
682 2915 771 2946 1839
798 2912 1003 2958 exposuit]

1258 2990 1314 3020 14·
