1821 3309
1416 188 1508 238 121

115 337 197 381 est,
232 339 277 369 ut
309 342 442 370 unum
473 326 618 370 Plauti
648 327 792 369 locum
826 327 956 369 huius
987 329 1162 384 generis
1194 330 1396 381 notarim,
1428 329 1581 372 Aulul.

116 407 172 458 V,
206 410 246 459 1,
281 409 357 449 19:
389 421 474 448 non
498 413 626 462 potes
653 406 862 460 probasse
897 420 1053 460 nugas.
1117 406 1329 461 Apparet,
1360 409 1402 448 id
1437 408 1575 450 semel

114 487 284 528 incuria
331 486 539 526 vertentis
582 499 606 525 e
647 483 800 525 Graeco
846 485 1085 534 mansisse,
1132 498 1217 524 non
1258 499 1397 538 genus
1438 488 1579 540 ipsum

113 572 353 619 receptum,
402 562 516 618 quod
563 571 714 618 postea
752 561 914 603 factum
959 569 1039 602 est.
1106 561 1337 603 Lucretius
1383 563 1503 613 item,
1545 565 1581 604 si

114 650 233 683 recte
275 641 456 693 attendi,
499 640 636 681 semel
678 642 740 681 sic
784 641 915 691 dixit,
947 639 1024 688 ΙΙΙ,
1056 643 1132 682 69:
1168 641 1265 682 (leem
1297 655 1343 682 se
1373 641 1584 696 effitgae'sse

118 722 271 762 volunt
313 721 527 775 longeque
580 733 780 760 remense.
840 720 926 760 Sed
967 735 1097 776 quum
1142 729 1257 761 esset
1306 730 1458 776 postea
1502 721 1584 763 hoc

116 813 256 856 genus
297 814 322 841 a
355 800 499 855 poetis
542 798 772 849 adscitum,
808 802 852 848 (e
884 797 1041 854 quibus
1077 807 1216 861 poetfae
1249 798 1436 855 elegiaci
1470 814 1585 856 saepe

118 880 247 921 metri
292 892 423 919 causa
463 879 508 918 in
553 891 683 918 versu
722 886 994 933 pentametro
1038 877 1278 931 perfectum
1321 887 1502 933 ponunt,
1539 880 1584 918 in

119 957 381 999 hexametro
412 970 622 1012 praesenS,
658 964 704 995 ut
741 954 949 995 Tibullus
990 954 1026 1005 I,
1058 958 1097 1005 1,
1131 957 1186 995 73
1218 965 1260 995 et
1293 958 1361 1005 74,
1391 956 1425 1007 Ι,
1455 959 1498 1008 8,
1531 959 1583 997 11

119 1044 162 1077 et
192 1038 261 1086 12,
292 1034 327 1086 I,
358 1036 426 1086 10,
455 1035 510 1074 61
552 1041 595 1074 et
637 1034 726 1086 62),
770 1033 814 1073 in
857 1046 1032 1087 prosam
1075 1034 1318 1074 orationem
1363 1035 1585 1076 rarissime

119 1115 293 1170 irrepsit
336 1121 378 1153 et
417 1112 530 1168 apud
572 1125 648 1152 eos
682 1111 856 1152 demum
888 1113 1142 1167 script01·eS,
1177 1114 1249 1167 qui
1282 1112 1367 1152 iam
1400 1112 1530 1153 valde
1563 1127 1588 1153 a

122 1202 271 1234 vetere
299 1191 507 1248 loquendi
534 1192 734 1232 castitate
766 1190 1031 1239 desciscunt,
1066 1199 1109 1231 ut
1137 1191 1249 1246 apud
1283 1190 1399 1232 Gell.
1432 1190 1511 1241 ΙΙΙ,
1540 1193 1589 1234 3:

121 1275 230 1313 salis·
246 1270 526 1326 polestfidei
543 1268 726 1320 secisse,
757 1277 799 1309 et
827 1267 979 1310 Iustin.
1008 1269 1066 1320 V,
1097 1271 1145 1310 4:
1172 1274 1371 1324 posuisse
1397 1275 1590 1325 qun'unt,

120 1359 164 1392 et
193 1350 441 1392 Palladium
472 1350 546 1400 X,
577 1351 629 1390 7:
675 1351 837 1389 sevisse
870 1349 1141 1402 convenct1).
1207 1347 1320 1389 Nam
1356 1347 1591 1398 Quintilia-

123 1443 225 1470 num
258 1427 402 1482 (Vlll,
430 1430 473 1478 6,
499 1428 588 1480 30),
622 1441 750 1483 quem
774 1426 1005 1481 Zumptius
1039 1428 1157 1477 citat,
1191 1442 1277 1468 non
1304 1429 1364 1468 ita
1396 1426 1588 1468 locutum

123 1522 236 1558 esse,
269 1509 531 1562 optimorum
560 1505 757 1546 codicum
785 1506 974 1561 vestigia
999 1507 1106 1546 satis
1133 1506 1382 1556 ostendunt,
1412 1521 1469 1547 ex
1499 1508 1592 1563 qui-

124 1585 206 1628 bus
243 1594 388 1627 tamen
432 1600 579 1627 veram
611 1586 870 1640 scripturam
902 1598 988 1625 non
1025 1583 1181 1625 efficio.
1244 1585 1375 1641 Apud
1410 1587 1592 1640 scripto-

124 1679 215 1706 rem
259 1673 403 1705 autem
457 1664 624 1720 dialogi
671 1664 725 1704 de
769 1662 1016 1704 oratoribus
1069 1678 1105 1704 c.
1143 1665 1223 1714 24,
1280 1678 1411 1719 quum
1459 1678 1591 1720 supra

125 1743 179 1795 (c.
210 1744 281 1797 16)
317 1742 512 1783 Messala
543 1756 589 1783 se
630 1743 920 1797 cogitationes
951 1755 1052 1782 suas
1084 1751 1334 1798 aperturum
1369 1757 1466 1783 esse
1498 1757 1596 1798 pro·

126 1824 333 1872 misisset,
377 1822 693 1876 interiectaque
734 1820 890 1861 deinde
933 1829 1050 1860 esset
1091 1820 1203 1876 Apri
1246 1822 1288 1861 in
1333 1822 1592 1862 contrariam

125 1909 294 1958 partem
341 1900 581 1941 vehemens
625 1908 668 1940 et
712 1899 894 1953 elegans
937 1901 1105 1950 oratio,
1161 1898 1415 1951 Maternus,
1471 1902 1594 1955 quasi

127 1994 302 2028 verenS,
344 1993 398 2019 ne
439 1983 611 2019 interea
652 1977 849 2018 Messala
888 1977 1118 2018 consilium
1163 1982 1413 2028 mutat-erit,
1448 1977 1595 2018 Tuum

127 2067 292 2105 tamen,
320 2059 476 2113 inquit,
504 2057 719 2106 Messala,
750 2058 1023 2113 propositum
1047 2058 1302 2098 immutasse
1330 2071 1416 2097 non
1448 2055 1595 2097 debes.

126 2136 395 2193 Legitimum
457 2145 523 2177 est
575 2138 710 2193 igitur
754 2136 1013 2192 perfectum.
1075 2135 1246 2176 Plinius
1295 2137 1453 2186 etiam,
1516 2136 1596 2175 etsi

127 2217 305 2256 minime
360 2217 541 2271 poeticae
595 2217 806 2257 orationis
867 2214 1058 2256 colorem
1116 2214 1398 2266 reformidat,
1451 2224 1595 2255 tamen

126 2293 184 2336 H.
227 2293 282 2335 N.
323 2294 532 2345 XXXV,
585 2296 614 2335 2
658 2296 720 2335 sic
763 2294 933 2334 dixisse
974 2301 1143 2349 potest:
1188 2306 1302 2347 pace
1344 2293 1600 2334 Blessalae'uae

131 2372 301 2413 dixisse
341 2372 489 2422 liceat,
533 2380 582 2412 ut
622 2374 817 2413 maxime
863 2371 1068 2427 perfectae
1107 2372 1171 2412 rei
1217 2372 1355 2425 (dicti)
1391 2379 1596 2412 eventum

131 2448 418 2505 significaret.
478 2451 690 2504 Superest
717 2452 886 2491 Seneca
913 2449 1077 2498 rhetor,
1103 2463 1162 2488 ex
1189 2450 1313 2488 cuius
1343 2448 1599 2503 praefatione

131 2527 234 2572 libr.
274 2526 294 2568 Ι
338 2526 621 2568 controvers.
684 2527 992 2582 Heusingerus
1047 2525 1161 2566 hunc
1205 2524 1349 2566 locum
1395 2524 1600 2581 protulit:

132 2607 348 2661 Alioquin
389 2610 436 2646 in
467 2607 545 2647 illo
577 2606 752 2656 atriolo,
783 2610 828 2647 z'n
861 2619 943 2661 quo
977 2605 1060 2646 duo
1090 2605 1284 2660 grandes
1310 2608 1601 2658 praetextatos

134 2688 202 2727 ait
219 2699 360 2726 secum
384 2685 647 2736 declamare,
674 2686 850 2727 audisse
878 2699 970 2727 eum.
995 2687 1126 2738 potui
1153 2689 1196 2724 et
1225 2683 1338 2724 illud
1362 2685 1600 2738 ingenium,

165 2850 190 2890 ¹)
229 2848 401 2882 collecta
428 2848 507 2883 haec
535 2854 624 2883 sunt
653 2848 698 2883 ab
729 2848 968 2894 Heusinger-o
995 2848 1041 2882 ad
1071 2847 1261 2885 vechner,
1290 2847 1311 2880 l.
1329 2858 1359 2882 c.
