1821 3309
213 210 280 259 78

143 359 266 407 cepto
304 363 478 399 versor,
515 362 568 388 ne
602 349 699 403 quis
730 348 773 387 in
807 345 916 387 locis
948 344 1207 401 quibusdam
1242 345 1405 388 haereat
1438 348 1618 389 coniun-

143 430 334 484 ctivique
380 427 620 483 perfectum
667 441 714 467 se
755 426 1004 482 repperisse
1045 434 1193 480 putet,
1240 426 1283 465 in
1329 424 1487 482 quibus
1521 435 1620 482 post

129 507 256 557 fusco
295 508 491 563 sequitur
536 506 729 547 futurum
771 513 977 546 exactum
1023 505 1250 546 indicativi
1297 513 1372 546 aut
1412 519 1504 546 rem
1538 503 1620 545 ali-

144 601 302 643 quam,
337 585 475 627 altera
511 585 697 641 quadam
732 599 778 625 re
810 583 1038 634 absoluta,
1076 584 1209 626 simul
1241 583 1489 626 absolutam
1522 584 1618 625 fore

143 663 402 722 significans
436 673 511 705 aut
542 666 606 705 rei
641 665 726 705 iam
761 672 868 705 aclae
893 673 1099 705 eventum
1133 672 1175 704 et
1200 663 1389 705 fructum
1422 664 1616 705 futurum

146 746 478 793 demonstrans,
523 751 626 783 noto
659 741 867 798 loquendi
898 756 1087 798 genere,
1121 742 1174 783 de
1207 757 1292 797 quo
1323 751 1422 797 post
1453 743 1620 784 dicetur

144 824 338 866 uberius.
413 821 680 862 Huiusmodi
721 829 821 862 sunt
866 820 945 862 illa
988 822 1032 861 in
1074 819 1310 861 Aulularia
1350 821 1432 873 ΙΙΙ,
1460 824 1506 870 6,
1536 823 1617 862 42:

144 904 242 958 Ego
263 902 417 952 faxo,
463 907 507 942 et
540 914 714 955 operam
748 906 792 941 et
821 903 966 941 vinnm
991 901 1245 955 perdiderit
1275 900 1408 941 semul
1437 900 1503 954 (er
1534 899 1621 941 soll

146 981 348 1023 vei-loten
385 980 563 1034 haben),
597 988 639 1019 et
669 980 713 1019 in
747 978 871 1036 Capt.
904 979 985 1030 lv,
1015 981 1057 1031 2,
1091 981 1168 1021 21:
1207 977 1296 1028 Qua·
1323 983 1387 1020 mi
1416 983 1465 1020 in
1492 992 1620 1020 cursu

143 1061 375 1109 obstiterit,
404 1058 548 1108 faxo,
581 1061 619 1098 is
652 1061 754 1098 vz'toe
787 1059 1004 1112 extemplo
1038 1057 1261 1098 obstiterit
1292 1072 1393 1110 suoe,
1425 1065 1471 1099 et
1497 1056 1619 1099 Men.

145 1139 225 1189 ΙΙΙ,
263 1140 307 1187 5,
340 1139 416 1179 553
464 1135 613 1188 Faxo,
643 1136 764 1177 haud
792 1138 978 1177 inultum
1006 1136 1243 1191 prandium
1279 1137 1533 1193 comederis,
1577 1146 1620 1177 et

146 1218 350 1259 Trinum.
385 1219 424 1267 l,
454 1218 496 1268 2,
525 1218 604 1257 22:
652 1214 800 1267 Faxo,
832 1214 953 1256 haud
978 1216 1202 1256 tantillum
1231 1214 1457 1256 verborum
1489 1215 1619 1256 dede-

237 1397 271 1433 4,
299 1394 365 1435 lv,
390 1396 425 1434 2,
454 1396 511 1432 98,
537 1392 584 1433 V,
613 1396 647 1433 2,
683 1395 728 1426 40
764 1393 962 1437 (amabit),
998 1391 1044 1432 V,
1071 1395 1106 1433 5,
1132 1395 1176 1426 47
1213 1393 1414 1438 (potabis),
1442 1391 1490 1433 V,
1519 1395 1553 1433 5,
1577 1394 1622 1425 53

237 1458 360 1499 (erit),
388 1454 535 1495 Mikll,
562 1459 598 1495 5,
624 1458 667 1488 53
695 1456 802 1499 (erit)
833 1454 899 1494 lv,
925 1458 959 1495 8,
985 1457 1043 1494 57,
1070 1453 1208 1487 Pseud.
1239 1454 1269 1495 1,
1290 1457 1323 1495 1,
1350 1456 1408 1494 47,
1433 1453 1463 1494 l,
1491 1456 1525 1494 3,
1542 1456 1623 1495 153,

237 1519 266 1557 Ι,
292 1522 326 1560 3,
354 1521 420 1552 159
447 1518 622 1560 (aderit),
655 1516 704 1556 ΙΙ,
733 1519 766 1556 4,
794 1520 839 1549 76
866 1516 992 1559 (erit),
1033 1516 1100 1557 lv,
1137 1519 1172 1557 4,
1203 1522 1226 1552 2
1251 1521 1289 1551 et
1315 1519 1336 1550 6
1363 1515 1510 1560 (scibis,
1547 1528 1623 1550 am-

237 1580 474 1626 plcxabere),
499 1578 547 1619 Υ,
574 1581 608 1617 2,
643 1582 702 1619 29,
736 1577 856 1615 Ροοη.
881 1578 911 1619 Ι,
938 1582 970 1619 1,
996 1580 1041 1611 34
1071 1580 1271 1622 (habebit),
1304 1578 1336 1619 Ῑ,
1362 1581 1395 1619 l,
1433 1580 1491 1619 45,
1532 1577 1563 1619 Ι,
1588 1581 1623 1619 2,

242 1646 306 1675 158
333 1642 476 1684 (dulit,
505 1639 571 1674 sed
598 1651 730 1673 versus
759 1645 965 1688 corruptus
994 1641 1086 1684 cst),
1113 1640 1162 1681 ΙΙ,
1188 1643 1219 1681 l,
1246 1642 1290 1674 14
1316 1642 1478 1683 (eruut),
1503 1639 1623 1681 lv,2‚

237 1707 282 1737 86
309 1703 559 1747 (disperibit),
587 1701 665 1735 ihd.
692 1706 738 1736 88
762 1703 889 1746 (cris),
918 1702 965 1745 V,
984 1706 1018 1742 3,
1054 1705 1100 1735 35
1126 1703 1396 1747 (laudabitis),
1426 1701 1471 1744 V,
1506 1703 1540 1743 4,
1566 1704 1622 1737 18.

242 1765 317 1799 ihd.
345 1767 390 1797 57
419 1769 457 1798 et
483 1767 529 1797 58
555 1765 699 1808 (scibis,
726 1766 833 1804 cris),
866 1764 968 1798 Pers.
996 1764 1025 1803 Ι,
1049 1767 1084 1804 3,
1108 1767 1150 1797 81
1190 1765 1410 1808 (aderunt),
1435 1763 1484 1803 ΙΙ,
1514 1767 1550 1804 2,
1578 1767 1622 1797 13

239 1827 468 1868 (laudabis),
495 1825 564 1865 ΙΙΙ,
602 1828 638 1865 3,
672 1826 718 1857 3-1
745 1826 868 1867 (erit),
908 1824 987 1858 ibd.
1024 1827 1067 1858 41
1106 1826 1280 1869 (aderit),
1314 1825 1413 1859 Rud.
1443 1824 1488 1866 V,
1516 1828 1551 1866 2,
1576 1827 1622 1858 64

240 1891 406 1933 (exibit),
433 1886 589 1921 Trucul.
628 1886 656 1928 Ι,
684 1889 719 1926 2,
745 1889 787 1919 21
818 1887 980 1930 (erunt),
1012 1886 1061 1927 ΙΙ,
1087 1889 1121 1927 4,
1146 1889 1191 1921 74
1219 1888 1398 1931 (aderit),
1419 1886 1486 1928 lv,
1513 1890 1549 1927 2,
1576 1889 1622 1921 48

237 1954 368 1995 (erit);
403 1951 461 1984 Te
474 1955 597 1984 rent,
622 1948 720 1982 Eun.
743 1947 791 1988 ΙΙ,
818 1951 852 1988 2,
883 1950 927 1981 51
955 1949 1209 1991 (insultabis),
1235 1948 1302 1989 lv,
1323 1951 1359 1989 3,
1383 1951 1441 1990 21,
1467 1947 1619 1981 Phorm.

240 2013 292 2056 11,
321 2016 342 2045 3
370 2013 439 2054 (1),
465 2014 511 2043 78
537 2010 717 2053 (aderit),
742 2008 788 2050 V,
817 2013 839 2042 8
867 2012 921 2053 (9)
946 2013 991 2043 66
1018 2010 1195 2053 (aderit).
1257 2009 1541 2044 Coniiuictivus
1567 2020 1621 2044 se-

239 2074 373 2121 quitur
410 2076 475 2105 aut
512 2069 696 2117 praecedit
730 2069 791 2103 his
825 2070 942 2104 locis:
994 2072 1169 2107 Plaut.
1204 2071 1394 2117 Amphitr.
1421 2071 1471 2113 ΙΙ,
1503 2075 1538 2113 1,
1564 2073 1622 2116 42,

236 2137 306 2177 11¹,
332 2139 365 2175 3,
397 2137 439 2167 17
478 2134 557 2174 (sit,
592 2131 659 2165 scd
683 2142 817 2166 versus
845 2131 985 2178 recipit
1011 2134 1115 2176 erit),
1150 2133 1259 2169 Asin.
1284 2133 1332 2175 V,
1357 2137 1393 2176 2,
1420 2137 1480 2175 26,
1505 2133 1556 2174 V,
1584 2135 1621 2172 2,

236 2201 281 2231 48
318 2195 408 2240 (vid.
435 2198 513 2227 not.
549 2194 722 2239 sapen),
766 2192 923 2227 Curcul.
951 2193 1017 2234 lv,
1055 2197 1090 2235 4,
1129 2198 1188 2235 31,
1225 2195 1369 2231 Baehh.
1399 2195 1467 2237 lv,
1492 2199 1528 2240 8,
1563 2198 1621 2235 23,

236 2256 403 2293 Mostell.
431 2255 461 2297 Ι,
490 2258 522 2295 l,
549 2258 607 2295 65,
633 2253 680 2295 V,
706 2257 741 2294 2,
770 2257 826 2294 12,
862 2254 1047 2291 Mcnaeeh.
1076 2255 1107 2296 Ι,
1134 2260 1169 2297 2,
1194 2259 1229 2297 4,
1252 2257 1322 2298 111,
1346 2260 1380 2298 3,
1407 2260 1465 2296 16,
1493 2256 1560 2298 lv,
1585 2260 1621 2295 2,

236 2324 296 2361 81,
320 2318 458 2353 Pseud.
484 2315 551 2357 lv,
577 2319 610 2357 1,
639 2319 696 2357 39,
721 2315 825 2349 Trin.
854 2315 922 2357 IV,
947 2320 981 2357 2,
1009 2319 1066 2362 40,
1088 2317 1247 2352 Trucul.
1276 2318 1326 2361 ΙΙ,
1353 2322 1388 2359 8,
1416 2321 1470 2353 13.
1545 2319 1620 2352 Te-

239 2388 363 2417 rent.
389 2377 552 2424 Adelph.
579 2377 629 2418 11,
657 2381 692 2418 2,
720 2380 737 2410 l
767 2382 805 2411 et
830 2381 865 2420 2,
891 2377 939 2419 V,
959 2381 976 2412 1
1004 2380 1063 2424 (3)
1087 2382 1130 2412 61
1161 2381 1244 2424 (sit,
1272 2379 1340 2413 sed
1365 2390 1500 2414 vex-sus
1526 2379 1622 2413 reei-

237 2445 294 2491 pit
327 2444 427 2485 erit).
474 2440 599 2474 Unius
624 2439 765 2473 littera}
805 2438 1018 2474 mutatione
1055 2440 1200 2487 ubique
1242 2441 1477 2475 indicativus
1511 2440 1623 2475 resti-

240 2504 407 2540 tuendus
436 2503 536 2544 erit,
577 2501 756 2548 idemque
790 2500 1052 2546 praeferendus
1080 2502 1121 2536 in
1148 2502 1210 2537 his
1239 2503 1363 2544 locis,
1403 2502 1472 2537 ubi
1499 2502 1622 2537 variat

239 2567 450 2612 scriptura:
501 2565 676 2599 Plaut.
713 2562 811 2599 Rud.
849 2562 898 2601 ΙΙ,
931 2567 966 2604 7,
1011 2566 1057 2597 20
1094 2565 1255 2608 (rectius
1296 2564 1461 2600 Bothius
1500 2563 1622 2599 edidit

240 2632 460 2664 exarescent
486 2637 596 2672 quam
624 2624 784 2659 Reizius
809 2626 1066 2668 exarescant),
1109 2625 1281 2662 Trinum.
1308 2625 1339 2668 Ι,
1359 2631 1395 2669 2,
1422 2628 1469 2660 24
1508 2627 1623 2670 (scies

239 2695 297 2725 est
335 2689 375 2722 in
413 2686 568 2733 optimis
607 2686 715 2721 codd.
741 2686 986 2720 Hermannus
1021 2691 1058 2720 et
1083 2687 1366 2722 Lindemannus
1392 2687 1434 2721 in
1457 2691 1623 2734 utraque

239 2750 409 2786 editione
454 2748 693 2794 scripserunt
731 2758 750 2780 e
787 2747 898 2784 codd.
941 2747 1186 2795 interpolatis
1230 2750 1371 2792 scias),
1423 2750 1620 2784 Terent.

244 2812 363 2848 Andr.
389 2811 439 2851 V,
464 2813 500 2850 2,
525 2812 569 2843 13
608 2809 732 2853 (reete
757 2808 957 2843 Bentleius
984 2819 1004 2843 e
1031 2815 1212 2858 quattuor
1239 2810 1348 2845 codd.
1377 2811 1530 2851 audies,
1567 2810 1620 2844 in-

240 2876 337 2911 iuria
363 2873 424 2910 Fr.
455 2872 583 2907 nitter
609 2872 747 2906 audias
773 2871 993 2914 revocavit).
