1821 3309
319 187 418 236 220

252 330 447 369 oratione
490 342 567 383 pro
610 327 753 378 domo,
801 328 926 369 modo
957 343 1008 369 ea
1052 328 1276 370 Ciceronis
1317 329 1389 379 sit,
1432 341 1468 367 c.
1500 329 1572 379 43,
1603 331 1703 370 111:

255 407 363 449 Ee'us
409 420 493 453 non
537 408 665 462 longe
703 422 729 447 a
769 407 985 462 Tanagrz's
1025 408 1299 448 simulacrum
1342 421 1366 446 e
1408 419 1620 447 marmore
1657 412 1703 448 in

250 488 445 542 sepulcro
458 486 790 541 positumfac‘t;
825 501 964 542 neque
993 490 1105 527 enim
1135 495 1280 527 narrat
1310 487 1482 541 signum
1514 487 1700 540 positum

248 581 359 617 esse,
404 567 479 606 sed
521 565 583 605 ibi
618 566 755 606 fuisse
797 568 1000 619 (positum
1042 566 1211 619 fuisse).
1276 565 1394 605 Livii
1426 564 1573 614 verba,
1607 579 1701 620 quae

248 654 349 686 sunt
378 643 479 685 libri
512 643 581 685 Ic.
613 647 667 684 19
697 644 795 696 (Bis
825 646 982 685 deinde
1011 669 1064 675 ——
1096 646 1267 685 clausus
1284 643 1385 693 suit
1415 643 1576 696 Ianus)
1607 641 1701 697 plu—

245 739 314 765 res
347 725 480 765 citant
510 733 552 764 et
582 731 698 763 recte
742 725 805 763 sie
834 724 1102 780 intelligunt,
1133 733 1178 763 ut
1209 722 1275 762 bis
1312 722 1520 762 accidisse
1552 736 1698 762 narre-

245 812 336 854 tur,
380 812 426 843 ut
467 801 731 857 aliquamdiu
776 802 905 843 Ianus
955 802 1129 843 clausus
1173 809 1382 842 maneret.
1440 800 1525 841 Sed
1570 814 1697 855 quam

243 891 404 922 certum
437 883 493 921 sit
522 881 756 922 formarum
789 882 1035 933 discrimen,
1063 897 1120 922 ex
1139 880 1228 923 illis
1248 880 1484 921 Liviilocis
1501 888 1699 934 apparet,

243 962 284 1000 in
325 958 481 1015 quibus
527 960 609 1002 hoc
652 961 789 1002 altero
829 961 955 1002 modo
986 962 1038 1002 de
1071 961 1362 1001 monumentis
1406 957 1697 1014 operibusque

240 1037 447 1094 loquitur,
478 1054 570 1094 quae
595 1045 793 1095 (prorsus
823 1049 869 1080 ut
901 1042 942 1080 in
974 1039 1052 1080 illo
1075 1041 1284 1081 orationis
1318 1054 1394 1094 pro
1425 1039 1552 1079 domo
1582 1037 1697 1091 loco)

242 1117 322 1158 hac
367 1132 452 1158 una
501 1126 601 1159 nota
652 1117 871 1174 signifieat
915 1117 1149 1174 aliquando
1196 1118 1358 1158 alieubi
1402 1118 1562 1165 fuisse,
1615 1131 1695 1157 sua

239 1205 366 1236 aetate
398 1211 482 1237 non
506 1211 751 1251 superesse,
784 1196 903 1237 velut
934 1197 1037 1248 VII,
1069 1199 1096 1237 3
1123 1196 1239 1247 (fixa
1257 1194 1362 1245 fult
1389 1195 1504 1249 (lex)
1535 1196 1693 1236 dextro

239 1276 374 1315 lutera·
401 1275 508 1315 cedis
543 1276 684 1328 Iovis)
729 1284 772 1315 et
802 1275 882 1320 Vl,
911 1277 981 1326 29,
1014 1275 1105 1327 ubi,
1139 1290 1269 1330 quum
1302 1277 1363 1315 sic
1396 1275 1528 1316 dicit:
1553 1275 1691 1316 Dede·-

239 1358 379 1393 calum
411 1359 496 1393 est
526 1354 715 1409 (signum
747 1353 864 1393 Iovis
896 1353 1196 1408 Imperatoris)
1238 1357 1354 1393 inter
1385 1355 1537 1393 cellam
1569 1354 1691 1394 Iovis

236 1447 289 1472 ac
322 1432 552 1484 ffIz'nervae,
597 1432 831 1487 tabulaque
871 1431 945 1472 sub
978 1447 1026 1473 eo
1046 1432 1172 1484 fixa,
1207 1438 1518 1473 monumentum
1548 1446 1691 1473 rerum

231 1517 467 1566 gestarum,
498 1510 564 1553 lats
580 1511 732 1562 ferme
758 1515 901 1552 incisa
931 1513 1092 1553 lt'lleroe‘s
1107 1510 1261 1561 fuit,
1293 1520 1441 1568 aperte
1470 1512 1536 1552 rei
1566 1512 1689 1552 factae

235 1592 525 1631 narrationem
569 1607 594 1632 a
636 1593 1048 1632 commemoratione
1092 1594 1377 1643 monumenti,
1426 1591 1538 1646 quod
1584 1590 1688 1631 oliui

232 1670 499 1725 aliquamdiu
539 1670 617 1711 illo
651 1670 748 1711 loco
784 1670 955 1722 fuisset,
994 1673 1090 1726 ipsa
1119 1671 1243 1712 verbi
1274 1672 1414 1712 forma
1444 1671 1688 1724 distinguit.

233 1749 396 1790 Eadem
430 1752 540 1790 ratio
574 1758 639 1790 est
668 1749 767 1790 libr.
798 1750 977 1800 XXIII,
1009 1753 1063 1790 19
1098 1759 1211 1790 extr.
1243 1750 1392 1803 (Idem
1426 1751 1579 1791 titulus
1609 1754 1687 1791 tri·

233 1828 309 1869 hm·
339 1832 478 1883 signis
515 1833 561 1869 in
592 1829 685 1869 oede
713 1828 922 1872 Fortunae
948 1832 1104 1883 positis
1124 1828 1200 1878 fn
1214 1833 1263 1868 it
1295 1828 1511 1869 subiectus
1522 1844 1535 1876 ;
1579 1842 1686 1881 prae-

232 1907 367 1948 cedit:
400 1905 560 1948 Statua
591 1912 684 1949 eius
708 1907 983 1957 2‘14de'cz'ofice't
1012 1909 1114 1961 (non
1138 1909 1234 1959 est),
1268 1909 1492 1951 Proeneste
1516 1912 1562 1948 in
1572 1906 1685 1957 foro

229 1990 409 2040 pesilo),
441 1996 530 2028 tum
560 1986 658 2027 libr.
686 1986 963 2036 XXXVIII,
992 1988 1062 2039 56,
1093 1989 1144 2029 3:
1175 1986 1292 2028 Num
1326 1994 1370 2028 et
1393 1986 1572 2027 Literni
1599 2000 1685 2027 mo-

231 2072 474 2106 numentum
496 2071 847 2119 monumentoque
873 2071 1020 2106 statua
1041 2070 1373 2120 superimposita
1382 2067 1486 2116 fui
1496 2072 1530 2114 t,
1557 2079 1684 2121 quam

230 2150 482 2198 tempestate
522 2144 732 2184 deiectam
774 2156 911 2196 nuper
955 2144 1141 2184 ve’cle'mus
1181 2148 1280 2197 ψεῖ,
1324 2159 1408 2198 quo
1438 2144 1535 2185 loco
1572 2143 1681 2184 nihil

231 2231 371 2277 potest
404 2236 499 2262 esse
541 2223 746 2276 apertius.
811 2220 903 2261 Nec
938 2220 1123 2263 obscura
1163 2224 1244 2263 erit
1275 2224 1342 2262 vis
1373 2222 1501 2263 huius
1533 2223 1682 2264 formae

230 2310 344 2341 recte
373 2301 612 2342 attendenti
644 2302 687 2340 in
716 2300 828 2341 libro
860 2300 1134 2351 XXXVIII,
1161 2302 1231 2351 36,
1261 2303 1310 2342 4:
1341 2302 1602 2356 supplicatio
1635 2305 1682 2342 iu

228 2381 417 2421 triduum
443 2394 527 2434 pro
560 2380 742 2433 collegio
777 2379 1117 2420 decemvirorzmae
1149 2384 1362 2434 imperata
1387 2380 1494 2430 ficit
1522 2384 1568 2421 in
1596 2394 1681 2421 om-

228 2459 352 2501 uibus
395 2462 611 2514 compat-95
656 2473 795 2513 neque
839 2460 952 2499 euim
1001 2459 1174 2500 Livium
1210 2459 1467 2514 simpliciter
1502 2474 1678 2500 narrare

229 2543 479 2593 imperatam
526 2552 617 2579 esse
664 2537 1041 2593 supplicatIOnem‚
1086 2540 1192 2579 satis
1233 2548 1352 2594 patet
1395 2554 1452 2580 ex
1497 2539 1676 2579 adiectis

231 2616 373 2658 verbis
413 2621 458 2657 in
491 2621 711 2671 compitis3
757 2617 838 2657 hoc
878 2618 997 2668 (licit,
1031 2617 1410 2672 supplicationem,
1442 2631 1568 2671 quam
1603 2616 1674 2656 de-

228 2697 406 2737 cemviri
456 2698 770 2750 imperassent,
820 2697 956 2736 fuisse
996 2697 1039 2736 in
1096 2695 1296 2736 omnibus
1339 2695 1552 2749 compitis.
1614 2693 1675 2735 At

226 2775 386 2831 legitur
425 2783 568 2816 tamen
613 2775 724 2830 apud
763 2775 947 2816 eundem
976 2774 1153 2816 Livium
1183 2773 1296 2814 libro
1327 2773 1489 2824 XXX,
1517 2774 1588 2825 26,
1620 2776 1671 2815 9:

232 2854 408 2896 Cceule‘or
451 2860 591 2895 tamen
643 2867 766 2908 quam
805 2858 1041 2907 promptior
1093 2853 1164 2894 Ιιίο
1204 2851 1374 2894 babitus
1404 2851 1517 2902 fuit.
1584 2853 1668 2895 Sed
