1821 3309
250 219 350 269 378

183 364 295 398 Modo
326 358 536 407 temporale
578 368 663 392 cum
696 354 875 402 praesenti

226 428 307 458 226.

184 549 294 588 Nam,
321 548 417 582 enim
441 544 560 580 relata
595 543 643 578 ad
666 553 876 590 pronomen

229 609 569 644 demonstrativum
594 610 675 641 286.

184 674 370 709 Nancitor
398 675 456 706 80.

183 737 241 771 Ne
285 734 436 779 feceris,
473 746 519 767 ne
552 732 633 778 fac,
671 745 719 766 nc
748 731 876 776 sacius

231 800 300 831 105
346 800 426 830 not.

226 862 294 893 106
315 871 397 905 sqq.

184 922 241 957 Nc
278 922 401 955 dicam
438 930 587 965 semper
622 929 709 951 cum
734 916 880 958 codem,

493 796 550 830 Nc
592 799 790 829 comnotus
825 795 876 827 sis

235 983 301 1030 qui
326 981 536 1030 praecessit,
563 992 666 1020 casu,
695 983 774 1014 308.

185 1046 411 1092 Ne-quiclem
426 1044 467 1078 in
484 1042 786 1088 interrogatione
803 1044 879 1075 163.

187 1107 391 1152 Nefanda:
430 1105 660 1140 vocabulum
704 1116 725 1138 a
771 1103 879 1137 Cice-

231 1181 324 1203 rone
347 1168 514 1215 positum
541 1169 620 1202 348.

183 1231 344 1277 Negatio
380 1229 521 1276 duplex
556 1240 627 1275 pro
662 1239 738 1262 una
762 1239 877 1276 prave

230 1298 384 1339 accepta
409 1295 492 1328 321.

184 1357 282 1391 Num
314 1354 354 1388 in
390 1353 622 1388 disiunctiva
667 1352 876 1396 interroga-

230 1417 336 1451 tione
360 1428 439 1451 non
461 1415 620 1462 ponitur
645 1418 714 1448 230
744 1425 828 1461 sqq.

187 1542 368 1576 Obtinere
393 1541 583 1575 decuriam
609 1542 675 1572 261
702 1543 781 1572 not.

188 1606 381 1639 Obscurus
393 1605 523 1638 vultus
539 1614 617 1636 non
637 1601 783 1635 dicitur
798 1603 880 1637 373.

188 1669 373 1713 Opscssus
391 1671 429 1699 et
452 1666 635 1705 obsessus,
661 1663 801 1697 similia
822 1666 878 1698 16.

183 1729 320 1764 Oratio
357 1728 514 1775 obliqua
554 1726 878 1772 interrogationes

230 1790 420 1839 quomodo
448 1790 593 1832 efferat,
617 1793 687 1823 208
712 1801 793 1836 sqq.

183 1917 422 1961 Participare
451 1915 616 1962 aliquem
641 1915 768 1960 aliquo
797 1914 879 1946 141.

181 1977 374 2012 Particula
393 1988 651 2023 pronomcnve
676 1976 717 2009 in
742 1974 876 2022 primis

230 2038 529 2074 enumerationis
555 2038 735 2072 membris
770 2049 876 2084 repc-

229 2102 314 2142 tita,
343 2105 424 2134 tum
451 2101 591 2135 omissa
615 2104 696 2135 272.

183 2165 370 2208 Pei-cepso
396 2166 442 2196 60
466 2167 545 2197 not.

183 2224 404 2259 Perfectum
436 2222 478 2256 in
503 2223 537 2257 .ςὶ
562 2226 600 2256 et
627 2221 801 2256 futurum
836 2221 878 2255 in

231 2300 271 2321 so
282 2290 442 2331 cognata
452 2288 507 2319 73.
525 2284 569 2318 ln
581 2284 744 2330 perfecti
757 2284 880 2318 forma

231 2360 398 2396 syncopa
415 2347 557 2381 reiecta
574 2350 645 2379 225
671 2358 754 2393 sqq.
790 2346 878 2380 Pcr-

227 2411 374 2446 fectum
407 2421 506 2457 paSS.
546 2420 592 2443 ex
635 2422 715 2443 sum
749 2413 788 2444 et
817 2409 883 2455 fui

230 2476 300 2507 218
326 2484 408 2519 sqq.

183 2534 401 2570 Perfectum
460 2533 660 2568 indicativi
703 2537 791 2579 post
832 2534 879 2573 si,

230 2610 354 2644 quum,
372 2607 485 2630 voces
503 2597 681 2630 relativas
708 2599 776 2632 112
787 2600 880 2637 not.,

233 2661 313 2699 114,
337 2661 417 2694 281.

186 2720 406 2756 Perfectum
440 2719 488 2754 de
524 2731 565 2754 re
591 2731 690 2766 saepe
713 2718 815 2754 facta
841 2723 879 2753 et

231 2783 317 2818 ficri
342 2782 455 2817 solita
483 2787 630 2816 tantum
665 2781 766 2828 apud
790 2783 879 2828 poe-

236 2850 293 2880 tas
323 2844 480 2880 Latinos
509 2848 548 2880 et
571 2843 768 2879 inferioris
794 2848 878 2879 aeta-

1559 351 1646 385 Pcr-

1000 417 1143 450 fectum
1164 414 1346 449 infinitivi
1367 414 1466 448 salso
1486 426 1556 460 pro
1584 426 1645 447 ao-

1002 354 1050 387 τίς
1077 354 1286 400 scriptores
1315 355 1393 393 115,
1422 355 1501 388 116.

1001 478 1097 512 risto
1132 483 1355 525 acceptum,
1398 476 1466 510 ubi
1505 476 1647 510 retinet

1000 541 1076 575 vim
1113 553 1219 575 suam
1256 543 1343 581 1193
1377 538 1478 586 apud
1513 540 1645 585 poe'tas

1001 603 1176 649 deposita
1219 602 1406 650 praeteriti
1455 601 1646 647 significa·

1000 666 1106 700 tione
1132 669 1199 700 120
1220 678 1314 713 sqq„
1339 665 1395 708 (in
1419 676 1533 711 prosa
1563 667 1647 697 tan-

1001 734 1082 763 tum
1124 728 1226 774 apud
1266 727 1387 762 malos
1437 724 1646 772 scriptores

999 795 1088 832 121,
1126 794 1221 834 ]22).
1277 789 1380 826 Pcrf.
1416 788 1523 822 infin.
1559 791 1648 834 post

996 854 1112 888 verba
1138 851 1347 887 voluntatis
1375 854 1465 894 1193
1491 850 1648 897 antique

1001 916 1042 950 in
1080 915 1244 950 vetando
1280 919 1370 961 post
1403 915 1510 953 volo,
1562 914 1647 946 nolo

1002 980 1070 1013 124
1094 990 1178 1024 sqq.
1227 976 1328 1012 Pers.
1351 975 1535 1009 infinitivi
1561 975 1647 1009 sim-

1001 1041 1088 1088 plex
1109 1053 1188 1074 non
1208 1037 1557 1087 procondicionali
1582 1040 1649 1071 128

1001 1104 1140 1148 (sitisse
1169 1114 1213 1136 cx
1240 1101 1352 1147 fuit).

953 1164 1172 1199 Perfectum
1211 1162 1462 1198 coniunctivi.
1510 1161 1572 1196 Ad
1608 1160 1649 1195 id

998 1228 1095 1261 salso
1126 1226 1356 1268 tralumtur,
1406 1236 1490 1272 quae
1524 1224 1649 1257 futuri

1001 1288 1123 1323 exacti
1161 1294 1252 1322 sunt
1280 1293 1325 1322 97
1351 1300 1432 1334 sqq.
1461 1290 1542 1327 108,
1568 1289 1649 1320 109.

998 1351 1166 1386 Persecti
1205 1350 1442 1384 coniunctivi
1485 1348 1593 1393 origo
1627 1361 1648 1382 a

1002 1414 1073 1448 sut.
1096 1417 1227 1447 exacto
1245 1417 1289 1446 97
1307 1424 1388 1458 sqq.
1427 1411 1528 1444 Pers.
1549 1410 1649 1444 coni.

1000 1475 1196 1523 passivum
1218 1474 1259 1508 in
1283 1474 1446 1507 vetando
1470 1476 1549 1515 106,
1570 1476 1651 1515 1οΤ,

1002 1538 1197 1573 rarissime
1225 1536 1439 1570 dubitative
1465 1539 1542 1571 109.

958 1603 1178 1646 Per-spicere
1204 1605 1241 1634 ct
1263 1601 1457 1646 percipere
1480 1602 1564 1636 259.

954 1663 1105 1698 Plinius
1140 1662 1266 1697 Maior
1303 1660 1557 1707 reprehensus
1608 1660 1650 1695 in

1003 1724 1248 1772 antiquitatis
1290 1723 1651 1757 commemoratione

1004 1793 1043 1822 ct
1092 1785 1354 1832 descriptione
1394 1788 1464 1819 255
1498 1790 1579 1822 not.
1617 1789 1651 1827 1,

1001 1853 1067 1884 261
1095 1853 1173 1883 not.

955 1912 1143 1947 Plautinae
1191 1909 1360 1958 syntaxis
1406 1909 1566 1944 libertas
1605 1912 1652 1943 69

999 1980 1079 2010 not.
1109 1978 1143 2015 1,
1169 1978 1214 2008 99
1238 1978 1335 2015 not.,
1362 1975 1427 2006 101
1455 1976 1537 2007 not.

951 2035 1325 2083 Plusquampcrfecti
1351 2034 1474 2069 forma
1497 2038 1543 2068 66
1567 2038 1649 2070 not.

996 2098 1419 2144 Plusquamperfectum
1432 2096 1651 2131 coniuncti-

998 2160 1035 2193 vi
1063 2159 1225 2193 notabili
1248 2158 1361 2193 niodo
1381 2158 1505 2192 futuri
1525 2158 1647 2192 exacti

1002 2221 1123 2255 vicem
1141 2233 1277 2266 gerens
1303 2225 1361 2258 87.
1402 2220 1649 2267 Plusquamp.

1001 2284 1238 2318 coniunctivi
1272 2296 1400 2318 rarum
1436 2284 1477 2318 in
1517 2282 1648 2317 condi-

1001 2346 1126 2385 cione,
1156 2346 1224 2380 uhi
1249 2347 1322 2381 alia
1351 2346 1465 2380 simul
1491 2346 1648 2380 coniun-

1001 2408 1093 2443 ctivi
1120 2421 1246 2449 causa,
1273 2412 1343 2442 227
1369 2413 1407 2443 et
1430 2413 1508 2443 not.

956 2471 1082 2506 Poeni
1105 2475 1143 2505 ct
1158 2471 1369 2506 Phoenices
1396 2476 1433 2506 et
1451 2469 1649 2517 Carthagi-

1003 2533 1157 2567 nienses
1184 2537 1239 2568 37.

953 2594 1127 2642 Pompeii
1161 2600 1245 2630 acta
1283 2595 1389 2630 tertii
1426 2595 1649 2630 consulatus

1000 2660 1070 2691 246
1102 2669 1182 2704 sqq.

954 2720 1113 2754 Pontus.

954 2782 1137 2816 Possidco
1162 2793 1276 2828 prave
1299 2781 1469 2828 positum
1498 2784 1553 2817 16.

1150 2719 1274 2754 Lusus
1298 2719 1341 2754 in
1353 2719 1426 2754 hoc
1443 2718 1598 2754 nomine
1616 2721 1650 2754 5.

956 2845 1111 2880 Possum
1140 2843 1344 2889 perfecisse
1380 2846 1456 2878 123.
1506 2844 1649 2884 Posse,-
