1821 3309
247 168 314 220 26

184 313 320 353 tentia
358 308 572 350 contineri
607 305 772 361 aliquid
802 303 987 353 debere,
1033 317 1118 344 non
1155 302 1266 359 quod
1305 309 1474 342 vetetur
1509 314 1533 340 a
1567 299 1653 340 Gu-

183 390 370 439 ditanis,
422 386 497 427 sed
543 385 655 441 quod
702 383 978 425 concedatur.
1057 382 1209 438 Itaque
1241 389 1282 422 et
1316 395 1373 421 ex
1405 381 1503 435 ipsa
1535 392 1582 419 re
1613 386 1657 418 et

183 483 243 510 ex
276 465 424 509 verbis
457 472 591 520 patet,
626 465 672 504 in
703 462 814 504 hanc
846 461 1109 503 sententiam
1145 461 1351 513 scriptum
1387 458 1542 508 fuisse,
1581 470 1656 497 an-

182 556 357 602 tequam
390 543 515 584 locus
548 550 923 597 corrumperetur:
963 535 1039 581 ”Si
1075 553 1173 594 pop.
1208 537 1453 579 Gaditanus
1480 535 1656 576 sanxis-

181 633 272 673 set,
317 631 363 664 ut
395 620 570 677 publica
604 621 813 676 (quidem)
847 618 1018 660 auxilia
1073 618 1185 673 (quae
1233 618 1384 671 negari
1429 629 1513 655 non
1555 626 1654 669 pos-

181 704 298 752 sent)
358 699 568 740 Romanis
610 698 939 754 praeberentur,
991 697 1197 752 privatim
1229 709 1332 736 vero
1367 709 1420 734 ne
1452 693 1549 748 quis
1580 704 1656 732 eos

181 781 410 821 adiuvaret
428 776 533 817 (ko-'⁵
598 776 745 831 Atque
771 775 863 816 haec
880 777 976 830 ipsa
993 775 1211 814 sententia
1229 773 1473 813 rectissime
1493 771 1656 825 scripta

183 866 331 900 exstat
374 858 417 896 in
464 855 558 896 cod.
592 854 684 895 Ox.
715 867 766 910 χ.·
813 853 1133 895 Gaditanorum
1169 851 1358 891 auxiliis
1391 853 1483 900 uti,
1527 861 1654 903 quum

183 937 402 984 vellemus,
431 934 601 984 liceret,
626 935 838 986 pre‘vctle'm
863 945 967 972 vero
1000 943 1054 971 ne
1084 933 1182 985 quis
1215 929 1294 969 ‹fec-
1362 927 1458 978 Ac,
1489 941 1543 967 ne
1574 926 1652 966 du-

182 1014 400 1063 bitemuS,
447 1011 560 1051 hanc
608 1024 707 1050 esse
749 1010 887 1049 tertiae
924 1007 1104 1049 familiae
1138 1009 1423 1062 scripturam,
1463 1010 1532 1047 uti
1572 1004 1653 1046 illo

182 1092 280 1133 loco
303 1092 426 1146 (post
457 1088 664 1142 auxiliis)
695 1086 770 1128 alii
797 1096 884 1128 tres
913 1086 1038 1128 Oxx.
1070 1085 1248 1136 habent,
1282 1100 1389 1140 quos
1424 1084 1558 1126 verba
1590 1087 1659 1125 uti

183 1170 307 1212 nobis·
327 1183 412 1210 non
427 1168 646 1213 omittere,
669 1166 921 1206 adnotatum
934 1170 1030 1215 {non
1058 1173 1151 1214 θεῖς,
1183 1173 1332 1205 contra
1357 1163 1449 1204 haec
1467 1171 1658 1218 praeterx

184 1250 314 1289 etiam
329 1247 420 1288 cod.
438 1245 664 1296 womittit,
686 1244 760 1285 sed
776 1242 993 1284 ulc'altero
1008 1242 1104 1284 loco
1121 1243 1235 1287 addi,
1266 1257 1351 1283 non
1378 1250 1567 1283 notatur.
1599 1240 1658 1281 Et

183 1337 330 1367 tamen
345 1324 614 1364 Erfurtensis
639 1337 733 1363 cum
757 1322 854 1365 Par,
875 1329 932 1371 [et
946 1330 1129 1376 utroque
1147 1320 1374 1370 Rei-nensi]
1395 1322 1439 1361 in
1472 1319 1656 1375 vulgata

183 1406 397 1459 scriptura
428 1402 661 1442 consentit.
742 1400 895 1456 Itaque
927 1400 1009 1441 hoc
1037 1399 1153 1452 loco,
1185 1401 1298 1456 quod
1332 1399 1446 1440 haud
1480 1399 1570 1439 scio
1600 1411 1655 1437 an

183 1496 394 1538 nusquam
427 1487 639 1536 praeterea
668 1479 829 1519 factum
864 1487 1060 1528 constet,
1106 1480 1255 1534 prima:
1301 1477 1481 1518 familiae
1519 1477 1655 1516 inter-

181 1560 351 1617 polatio
384 1560 429 1599 in
464 1572 564 1599 eum
596 1557 691 1598 cod.
729 1558 917 1598 transiit.
977 1555 1078 1612 Ipsa
1106 1555 1388 1611 interpolatio
1426 1555 1528 1596 inde
1560 1563 1656 1595 orta

182 1648 263 1691 est,
300 1638 432 1694 quod,
465 1651 597 1692 quum
631 1651 717 1677 non
748 1635 1100 1691 intelligeretur,
1142 1636 1242 1691 quid
1264 1637 1512 1695 ⁹interesset
1542 1635 1657 1673 inter

182 1717 354 1759 auxilia
397 1714 576 1771 publica
607 1713 925 1754 Gaditanorum
968 1722 1011 1753 et
1054 1715 1324 1766 privatorum
1360 1712 1653 1753 voluntariam

182 1794 401 1845 militiam,
434 1807 573 1847 neque
606 1793 861 1833 concessiva
893 1792 1104 1831 orationis
1142 1792 1360 1831 sententia
1379 1790 1656 1831 animadver-

181 1882 372 1923 teretur,
425 1871 478 1911 ad
520 1869 789 1925 reliquorum
822 1868 1116 1910 membrorum
1151 1869 1336 1910 formam
1371 1869 1453 1910 hoc
1484 1883 1652 1910 accom-

182 1950 443 1993 modandum
480 1957 774 2004 putaverunt,
820 1948 966 1989 addita
1001 1949 1238 2003 negatione
1274 1949 1378 2003 (non
1408 1948 1596 2001 liceret).
1620 1947 1653 2000 ¹)

301 2028 508 2083 Sequitur
538 2026 677 2078 locus,
712 2041 839 2082 quem
875 2041 1016 2081 neque
1059 2028 1282 2081 praeterire
1313 2028 1476 2081 possim
1511 2026 1657 2079 (coar-

183 2107 359 2163 guenda
400 2106 516 2145 enim
559 2105 716 2145 menda
749 2106 867 2158 sunt)
912 2119 1054 2159 neque
1093 2105 1334 2158 expedire,
1378 2119 1465 2145 non
1512 2105 1654 2160 magis

183 2199 313 2241 quam
345 2184 589 2224 Ernestius.
649 2181 760 2224 Nam
791 2184 835 2224 in
864 2182 1095 2223 undecimo
1127 2184 1286 2238 capite,
1317 2182 1343 2237 ξ
1369 2185 1439 2234 28,
1467 2183 1655 2237 primuni

184 2262 375 2318 quidem,
403 2260 479 2302 ubi
505 2269 591 2302 est:
620 2274 707 2301 non
738 2274 830 2302 esse
855 2259 985 2302 leuius
1016 2263 1214 2302 civitatis·
1245 2264 1371 2311 civis,
1403 2269 1653 2302 extremum

208 2441 238 2484 ι)
268 2439 385 2473 Initio
413 2439 548 2485 capitis
576 2438 668 2486 quid
693 2438 887 2484 significet
920 2438 1110 2484 scriptura
1142 2438 1319 2473 codicum
1356 2440 1521 2485 (maynis
1546 2440 1655 2475 adiu-

274 2501 418 2534 toribus
440 2502 547 2545 tuis),
574 2513 652 2535 non
677 2501 838 2547 reperio.
889 2500 975 2546 Ipsa
1004 2499 1158 2546 quidem
1184 2511 1272 2534 vcra
1298 2511 1382 2534 esse
1406 2500 1514 2535 nullo
1541 2500 1654 2535 modo

274 2565 402 2607 potest
436 2573 507 2595 nec
546 2561 621 2595 hoc
660 2562 900 2608 significare:
943 2574 1083 2607 ηιαφια
1119 2566 1300 2606 exparte
1329 2562 1406 2595 tuis
1432 2563 1574 2596 civibus
1600 2563 1654 2595 iu-

274 2623 476 2662 vantibus5
514 2634 601 2655 nam
626 2634 751 2669 neque
791 2635 927 2668 magno
962 2623 1139 2656 adiutore
1171 2621 1228 2655 sic
1255 2621 1400 2655 dicitur
1432 2633 1556 2668 neque
1590 2621 1654 2656 hic

276 2684 335 2717 tui
370 2682 600 2728 simpliciter
638 2682 815 2717 Gaditani
850 2683 1034 2729 appellari
1057 2686 1245 2729 possunt,
1269 2681 1311 2716 in
1341 2682 1413 2717 hac
1439 2684 1651 2730 praescr-tini

276 2743 557 2778 contrariorum
582 2743 768 2779 relatione
797 2745 918 2792 (quod
942 2746 1000 2785 iis,
1029 2757 1119 2791 quos
1137 2762 1178 2771 ‹-
1197 2744 1375 2788 idipsis).
1427 2745 1472 2779 In
1499 2746 1575 2780 tuis
1600 2745 1652 2779 la-

276 2809 356 2838 tore
382 2803 520 2850 opinor
546 2806 632 2841 illis.
