1821 3309
273 215 341 267 32

207 355 480 399 mirabuntur
525 354 612 395 iam
647 354 795 409 periti,
826 354 1074 411 partimque
1108 353 1358 410 graviorem
1405 354 1675 399 curationem

206 434 471 490 probabunt,
518 433 676 489 partim
708 434 980 476 satisfactum
1014 432 1101 475 sibi
1142 433 1373 490 putabunt,
1416 435 1455 475 si
1496 433 1677 477 vulnera

207 514 407 556 nudat-im
452 510 752 568 falsorumque
795 513 1097 554 defensionem
1149 511 1417 554 sustulerim.
1481 512 1677 556 Primum

206 594 360 649 igitur,
392 590 468 632 ubi
501 590 656 632 edunt:
704 589 831 638 Quod
859 596 900 632 ει·
932 595 1136 646 exceptio
1171 589 1310 643 facit,
1342 603 1397 632 ue
1430 591 1581 643 liceat,
1613 591 1679 634 iba·

207 683 384 712 necesse
414 674 480 709 est
511 669 661 720 licere,
692 668 770 710 nbc·
797 684 883 711 non
915 676 982 711 est
1010 676 1254 725 exceptam,
1283 671 1329 710 in
1358 668 1479 710 nullo
1511 670 1675 722 codiee,

209 751 284 802 qui
323 747 497 804 quidem
542 746 678 787 ullius
728 757 846 788 esset
892 749 1117 800 momenti,
1158 763 1207 790 ac
1247 746 1436 790 fortasse
1477 749 1523 789 in
1553 747 1676 790 nullo

209 827 386 869 omnino
426 834 601 881 reperta
645 833 745 866 sunt
776 825 868 866 haec
899 825 1058 867 verba:
1098 825 1176 866 ubi
1203 839 1288 867 non
1320 832 1387 867 est
1419 832 1673 882 exceptum;

209 906 469 947 omittuntur
504 905 620 944 enim
658 906 703 944 in
737 903 1004 945 editionibus
1039 912 1139 945 ante
1174 902 1463 960 Naugerium,
1503 906 1549 945 in
1578 905 1676 956 PE,

211 984 340 1026 Oxx.
362 985 390 1023 4
422 982 496 1031 (de
527 992 578 1034 ψ,
611 990 657 1021 ut
688 983 775 1023 iam
807 984 965 1038 saepius
997 983 1220 1032 admonui,
1251 983 1295 1022 iu
1324 980 1472 1023 verbis
1502 969 1676 1025 omissis

209 1062 387 1104 silentio
440 1060 559 1102 credi
612 1074 825 1115 nusquam
876 1061 1062 1116 potest);
1112 1059 1233 1101 solus
1286 1068 1402 1101 tacet
1447 1060 1675 1103 Gruterus.

209 1141 381 1197 (Itaque
412 1138 695 1189 Garatonius,
737 1141 810 1194 qui
854 1148 950 1180 octo
987 1140 1116 1180 editis
1152 1137 1451 1180 voluminibus
1484 1139 1676 1182 nondum

208 1226 532 1275 perspexerat,
573 1216 730 1272 quibus
771 1217 956 1258 testibus
998 1226 1220 1267 uteretur,
1262 1219 1307 1258 in
1341 1219 1517 1274 optimis
1549 1218 1676 1260 libris

208 1300 390 1338 inventa
420 1297 511 1337 haec
543 1297 723 1350 narrat.)
789 1295 881 1337 Iam
914 1297 959 1336 in
990 1296 1079 1348 PE,
1110 1295 1201 1340 Ox,
1239 1295 1276 1336 Τ
1306 1303 1372 1337 est
1402 1295 1479 1337 ube·
1507 1311 1583 1352 pro
1614 1296 1680 1338 ibi

211 1377 272 1427 (in
306 1374 398 1416 Ox.
428 1388 452 1431 χ
483 1374 560 1414 ube·
586 1375 704 1428 non),
761 1373 975 1429 Apparet,
1003 1375 1048 1414 in
1081 1375 1229 1415 codice
1264 1375 1472 1429 primario
1505 1373 1677 1416 librarii

212 1452 386 1495 oculum
414 1452 643 1493 aberrasse
667 1453 711 1492 in
740 1452 1024 1493 similitudine
1043 1451 1306 1501 litterarum,
1338 1460 1381 1492 et
1411 1452 1523 1492 hanc
1540 1453 1676 1495 fuisse

212 1546 364 1574 veram
398 1531 610 1572 orationis
646 1530 854 1572 formam:
895 1531 1043 1580 le‘cectl,
1077 1529 1155 1571 ubi
1183 1534 1294 1580 [non
1327 1533 1407 1570 sit
1433 1536 1677 1586 exceptum,

211 1611 296 1662 2·ch
329 1623 503 1651 necesse
538 1615 603 1650 est
626 1610 776 1650 licere.
840 1607 1060 1662 (Membra
1090 1609 1319 1649 sententiae
1345 1608 1499 1650 eodem
1525 1610 1676 1650 ordine

210 1690 357 1744 posuit
399 1687 450 1731 C,
492 1687 742 1742 Stephanus
784 1688 899 1728 inter
944 1688 1011 1727 sui
1055 1687 1216 1728 codicis
1264 1688 1539 1740 scripturas.)
1562 1687 1595 1741 ¹)
1627 1686 1676 1729 In

210 1767 452 1821 proximis:
490 1763 576 1804 Ubi
601 1770 668 1804 est
694 1767 834 1818 igilur
864 1770 1093 1818 exceptam
1109 1762 1305 1812 foedere
1338 1763 1562 1806 Gaditano
1580 1765 1675 1815 dec„

213 1843 396 1886 verbum
427 1848 655 1897 exceptum
688 1842 939 1883 coniectura
979 1842 1173 1882 additum
1208 1855 1324 1893 esse,
1356 1856 1441 1883 non
1472 1857 1495 1884 e
1529 1843 1675 1886 codice

212 1922 447 1977 archetypo
492 1935 568 1976 per
615 1919 810 1975 reliquos
851 1928 1156 1976 propagatum,
1206 1921 1396 1961 ostendit
1438 1935 1676 1963 consensus

210 2002 362 2056 primae
394 2007 435 2040 et
457 2000 594 2040 tertiae
621 1999 818 2039 codicum
840 1997 1018 2039 familiae
1048 1997 1136 2050 (PE
1161 1996 1326 2051 Guelf.)
1345 1998 1409 2052 2);
1439 2007 1506 2040 est
1534 2008 1676 2042 tamen

210 2093 365 2120 verum
398 2076 766 2132 supplementum.
825 2076 1041 2117 Proxima
1068 2084 1301 2131 antequam
1330 2077 1515 2132 attingo,
1542 2079 1677 2120 totius

213 2155 510 2198 Ciceronianae
543 2155 852 2210 disputationis
885 2167 1036 2194 cursus
1069 2154 1411 2196 considerandus
1443 2163 1524 2197 est.
1587 2155 1676 2198 Ne-

212 2243 288 2291 gat
319 2234 504 2290 primum
538 2231 719 2283 Cicero,
762 2233 806 2273 in
838 2231 1015 2273 foedere
1053 2230 1273 2274 Gaditano
1305 2233 1540 2289 quidquam
1571 2236 1676 2277 scri-

211 2321 335 2367 ptum
368 2325 489 2361 esse,
523 2325 607 2365 quo
640 2309 957 2363 prohibeantur
982 2309 1171 2351 Romani
1203 2309 1444 2352 Gaditanos
1474 2313 1519 2352 in
1551 2325 1674 2353 suam

214 2392 435 2431 civitatem
477 2389 689 2444 recipere,
770 2387 817 2428 Id
858 2387 928 2429 hic
962 2387 1156 2430 breviter
1186 2389 1378 2444 positum
1412 2388 1545 2446 paulo
1577 2398 1675 2447 post

242 2605 273 2647 ¹)
300 2601 445 2647 [Codex
479 2602 591 2636 Bern.
638 2602 862 2648 antiquior,
898 2606 942 2636 ut
966 2602 1055 2644 PE;
1097 2602 1139 2636 in
1166 2600 1382 2636 recentiore
1407 2601 1593 2648 scriptum
1618 2607 1675 2636 est

307 2676 355 2698 ne
382 2664 508 2703 liceat,
533 2664 600 2697 ubi
625 2669 819 2707 exceptum.
845 2675 921 2698 non
949 2669 1027 2703 cst,
1056 2674 1205 2699 necesse
1231 2668 1286 2699 cst
1313 2662 1448 2707 licere,
1475 2662 1522 2698 ab
1550 2673 1673 2699 emen—

306 2724 486 2767 datione]

238 2787 270 2830 ²)
298 2784 475 2831 [Accedit
501 2794 603 2819 nunc
629 2782 740 2819 Bern.
771 2783 995 2831 antiquior]
