1821 3309
833 690 891 758 Ι.

136 852 225 907 De
283 852 664 907 emendandis
728 853 1026 910 Ciceronis
1094 857 1451 912 orationibus
1524 861 1597 914 dc

230 950 547 1021 provinciis
602 952 999 1006 consularibus
1054 960 1111 1006 et
1153 971 1256 1026 pro
1306 953 1487 1012 Balbo

651 1049 967 1122 disputatio
1016 1056 1087 1116 ¹).

137 1283 322 1371 Annus
356 1338 422 1371 est
455 1338 498 1371 et
528 1330 662 1386 paulo
692 1330 818 1387 plus,
849 1345 982 1388 quum
1013 1330 1292 1388 significavi,
1333 1349 1402 1376 me
1432 1333 1601 1392 aliquot

138 1407 448 1463 scriptionibus
482 1409 742 1451 academicis
776 1410 829 1451 de
861 1411 1165 1452 emendatione
1203 1412 1393 1467 quinque
1426 1411 1601 1454 Cicero·

140 1488 206 1528 nis
256 1487 502 1527 orationum
554 1487 874 1542 disputaturum
920 1501 1042 1538 esse,
1100 1487 1298 1529 adhibito
1340 1498 1499 1545 praeter
1540 1490 1601 1542 id,

139 1565 253 1621 quod
285 1565 373 1605 iam
402 1572 603 1620 paratum
639 1573 778 1617 esset,
815 1567 1152 1608 instrumentum
1185 1567 1382 1609 criticum
1415 1569 1601 1625 egregio

140 1643 336 1684 subsidio
383 1642 544 1683 codicis
593 1643 885 1684 vetustissimi
926 1643 1204 1685 parisiensis.
1274 1645 1325 1686 Id
1367 1646 1601 1689 consilium

139 1722 346 1777 quoniam
376 1721 420 1760 in
452 1720 650 1760 oratione
684 1718 898 1760 Caeliana
927 1719 1097 1761 duabus
1127 1721 1526 1776 dissertationibus,
1556 1725 1602 1766 in

139 1799 341 1841 Sestiana
384 1805 427 1838 et
467 1796 709 1839 Vatiniana
753 1796 893 1839 tribus
928 1807 1166 1840 exsecutus
1197 1813 1318 1851 sum,
1369 1811 1604 1858 supersunt

140 1878 235 1918 duae
268 1877 506 1927 orationes,
539 1875 592 1917 de
623 1876 862 1932 provinciis
895 1876 1199 1919 consularibus
1231 1887 1273 1919 et
1303 1893 1381 1933 pro
1411 1879 1465 1923 L.
1497 1878 1604 1923 Cor-

141 1954 259 1996 nelio
282 1953 437 2005 Balbo,
469 1954 521 1995 de
554 1953 711 2009 quibus
744 1954 827 1996 hoc
859 1963 1055 2010 tempore
1081 1957 1346 1998 coniunctim
1377 1972 1604 2014 exponere

139 2034 291 2081 statui,
331 2034 525 2074 maxime
557 2033 730 2089 quidem
762 2033 816 2074 de
847 2031 1127 2084 Corneliana,
1161 2043 1203 2076 et
1233 2034 1466 2091 aliquando
1497 2036 1605 2078 resi-

141 2113 227 2154 dua
254 2111 376 2153 illius
406 2113 611 2168 promissi
645 2110 898 2153 exsolvere.
976 2110 1097 2153 Avet
1127 2114 1270 2166 enim,
1312 2128 1417 2155 vere
1447 2114 1605 2166 dicam,

141 2192 340 2242 animus,
393 2191 641 2232 criticarum
683 2189 1097 2246 quaestiuncularum
1136 2193 1334 2235 minutiis
1377 2192 1605 2249 fatigatus,

168 2353 202 2399 ¹)
233 2352 364 2397 [Edita
386 2352 573 2400 bipertito
600 2354 692 2389 1834
721 2356 761 2387 et
786 2355 887 2387 1835.
949 2352 1091 2389 Secuta
1125 2359 1184 2389 est
1212 2353 1348 2390 harum
1375 2354 1606 2396 orationum,

233 2417 278 2446 ut
306 2417 540 2455 ceterarum,
566 2413 740 2449 recensio
766 2413 973 2448 Rlotziana
1010 2417 1060 2458 (a.
1097 2417 1233 2459 1839),
1270 2427 1383 2462 quam
1409 2426 1452 2450 eo
1478 2415 1606 2450 minus

236 2484 358 2507 causae
377 2473 515 2516 habeo,
541 2486 610 2510 cur
634 2485 737 2507 nunc
753 2473 801 2507 ad
816 2474 1135 2520 disceptationem
1154 2485 1299 2516 vocem,
1326 2474 1430 2521 quod
1455 2479 1494 2510 et
1513 2474 1606 2509 alibi

235 2533 277 2567 in
311 2532 385 2568 hoc
410 2533 495 2579 ipso
521 2531 715 2566 volumine
742 2531 788 2567 de
813 2533 960 2569 Rlotzii
986 2534 1165 2569 universa
1192 2535 1342 2570 ratione
1367 2534 1520 2569 dicetur
1543 2546 1606 2570 ne-

238 2605 314 2641 que
344 2595 378 2628 is
405 2597 537 2629 nostra
562 2592 609 2627 de
633 2593 694 2627 his
722 2594 965 2630 orationibus
990 2594 1253 2642 disputatione
1278 2607 1371 2630 usus
1398 2606 1481 2630 csse
1505 2595 1606 2631 vide-

236 2659 322 2696 tur,
361 2666 479 2702 quum
502 2655 546 2689 in
570 2654 769 2698 Sestiana,
803 2656 1030 2699 Vatiniana,
1065 2656 1246 2691 Caeliana
1269 2668 1348 2691 non
1371 2668 1513 2703 paucas
1540 2667 1606 2692 no-

237 2719 335 2750 atras
370 2716 656 2751 emendationes
695 2721 853 2752 secutus
889 2722 1000 2753 esset.
1058 2718 1105 2754 In
1131 2729 1174 2753 ea
1197 2717 1386 2759 maxime,
1426 2727 1511 2763 quae
1535 2727 1607 2763 pro

235 2776 357 2812 Balbo
394 2781 473 2821 est,
523 2789 603 2813 non
627 2789 748 2824 pauca
777 2778 1157 2826 corruptissimorum
1184 2779 1361 2816 codicum
1385 2776 1523 2812 menda
1550 2786 1607 2810 re-

238 2839 409 2880 vocavit,
439 2843 544 2874 recte
570 2838 720 2874 sublata
745 2840 791 2874 ab
818 2839 936 2884 aliia]

1324 2917 1339 2945 1
