1821 3309
333 192 429 242 188

262 347 364 374 num
412 331 560 374 flexus
609 333 906 387 transitusque
966 339 1009 373 et
1054 344 1205 373 omnes
1257 344 1457 373 recessus
1510 331 1730 387 congestis

260 411 482 468 exemplis
514 420 770 468 persecutus
806 421 886 454 est.
909 412 943 463 1)
1009 410 1057 452 Id
1101 425 1184 467 ego
1220 425 1271 452 eo
1316 411 1555 451 studiosius
1585 410 1730 452 facere

260 490 468 543 conabor,
512 490 626 547 quod
670 492 829 540 minus,
875 503 1002 546 quam
1049 505 1127 546 par
1169 499 1277 541 erat,
1315 491 1360 530 in
1391 489 1474 531 hoc
1508 503 1672 544 genere
1706 503 1732 531 a

260 570 503 627 philologis
551 569 769 611 elaborari
815 578 933 625 puto,
979 578 1027 610 ut
1059 568 1282 610 mobilitas
1316 569 1481 611 veteris
1515 569 1731 610 sermonis

260 658 302 689 et
347 647 658 689 inclinationes
699 657 830 704 atque
871 648 970 689 inde
1014 656 1118 689 ortae
1164 648 1469 702 discrepantiae
1519 649 1560 688 ei
1600 661 1728 702 repu-

257 729 450 784 gnantiae
486 736 821 784 cognoscantur.
884 727 1002 776 Quin
1036 735 1151 777 sunt,
1189 728 1262 781 qui
1295 717 1437 766 actum
1479 733 1634 779 putent
1676 725 1729 766 de

257 806 326 847 his
354 806 527 858 studiis,
555 808 590 847 si
622 805 959 862 percrebruerit,
989 805 1141 846 eadem
1174 803 1395 846 veteribus
1422 804 1588 860 linguis
1619 805 1730 846 acci-

257 885 361 927 dere
396 894 526 941 atque
559 887 736 937 nostris,
776 885 817 925 id
851 892 931 934 est,
966 898 1070 925 vere
1106 898 1180 924 eas
1214 882 1450 939 aliquando
1484 885 1529 924 in
1567 885 1656 925 vita
1687 892 1730 924 et

260 978 335 1007 ore
367 964 595 1005 hominum
639 973 838 1005 versatas
874 977 986 1004 esse.
1051 963 1246 1004 Primum
1287 964 1423 1017 igitur
1453 977 1583 1018 quum
1615 965 1733 1003 ίαηῖι·

259 1056 350 1083 esse
393 1051 467 1083 aut
508 1056 592 1083 non
626 1057 717 1083 esse
751 1042 917 1097 aliquid
951 1042 1148 1090 dicimus,
1181 1051 1392 1097 sequente
1427 1048 1487 1092 ut,
1520 1040 1731 1097 simplici-

257 1131 322 1162 ter
354 1120 672 1177 significamus,
706 1130 873 1161 tantum
906 1121 971 1160 rei
1007 1122 1192 1175 pretium
1238 1135 1335 1162 esse
1378 1130 1451 1161 aut
1493 1135 1578 1161 non
1614 1134 1726 1169 esse,

258 1210 304 1240 ut
350 1201 432 1241 hoc
476 1199 546 1241 vel
588 1199 670 1240 hoc
710 1207 979 1240 momentum
1023 1198 1197 1251 habeat,
1239 1199 1321 1241 hoc
1361 1209 1404 1241 et
1436 1199 1517 1241 hoc
1550 1207 1727 1254 propter

257 1293 351 1319 eam
398 1277 494 1318 fieri
537 1277 709 1319 debeat.
772 1276 1006 1333 Exempla,
1047 1279 1085 1318 si
1127 1293 1236 1334 opus
1278 1288 1358 1329 est,
1397 1280 1510 1320 sumi
1545 1286 1727 1334 possunt

255 1371 313 1398 ex
338 1355 564 1397 Ciceronis
596 1356 664 1396 his
700 1355 834 1397 locis:
868 1355 933 1396 III
966 1357 1018 1397 de
1054 1356 1144 1398 Off.
1175 1358 1245 1408 20,
1278 1359 1334 1398 82
1364 1356 1463 1411 (Est
1495 1371 1597 1412 ergo
1633 1357 1726 1399 ulla

253 1439 468 1476 restante·
510 1440 589 1476 cml
622 1435 882 1476 commodam
922 1436 1053 1477 ullum
1085 1442 1171 1476 lam
1211 1436 1519 1490 erpelemlum,
1556 1441 1602 1476 ut
1636 1438 1727 1476 viri

253 1515 356 1555 bom?
383 1513 654 1569 splendorem
683 1520 727 1556 et
759 1528 913 1556 nomen
948 1517 1200 1569 (meliust),
1240 1529 1317 1570 pro
1349 1514 1479 1556 Rosc.
1516 1512 1725 1555 Comoed.

253 1597 276 1645 §s
307 1595 377 1645 22,
425 1607 503 1649 pro
537 1591 648 1634 Caec.
691 1596 713 1644 ξ
744 1595 813 1644 18,
847 1608 925 1649 pro
953 1592 1124 1634 Milone
1160 1597 1182 1645 ξ
1223 1595 1293 1644 63,
1325 1593 1377 1634 ad
1409 1592 1605 1634 Atticum
1636 1591 1724 1640 XI,

252 1675 307 1713 16
337 1673 441 1725 (non
472 1671 682 1722 adducor,
716 1686 967 1728 quemquam
1000 1671 1152 1713 bomem
1188 1673 1320 1713 ullam
1354 1673 1536 1714 salutem
1558 1677 1724 1727 palare

250 1750 358 1792 mileo·
385 1754 503 1791 Ιαηίί
517 1750 686 1802 juisse,
718 1757 769 1791 ‘ab
791 1765 883 1792 eam
911 1757 1101 1805 pelerem
1134 1751 1187 1792 ab
1221 1751 1336 1802 illo),
1367 1750 1456 1793 ibd.
1487 1750 1595 1802 ΧΠ,
1625 1752 1652 1792 3
1681 1759 1722 1792 et

248 1830 277 1869 5
302 1838 445 1880 extr-3
479 1829 664 1884 addique
696 1829 863 1885 dialogi
895 1830 947 1870 de
974 1829 1221 1870 oratoribus
1254 1844 1288 1870 c.
1315 1831 1371 1870 40
1398 1841 1513 1870 extr.
1545 1838 1588 1870 et
1610 1843 1722 1885 quw,

250 1907 332 1949 hoc
363 1921 496 1948 unum
526 1922 665 1962 genus
693 1922 976 1964 persequens,
1011 1923 1033 1949 e
1061 1908 1290 1963 Propertio
1316 1909 1420 1949 citat
1443 1907 1721 1950 Burmannus

279 2059 306 2099 ¹)
336 2055 666 2099 Quemadmodum
691 2057 808 2103 vulgo
834 2057 915 2092 11100
941 2057 1094 2092 dicendi
1123 2057 1288 2092 formula
1314 2062 1528 2099 tractetur,
1552 2057 1720 2105 perspici

342 2122 471 2164 potest
499 2128 517 2151 e
537 2117 729 2152 Schelleri
755 2119 878 2154 lexico
907 2119 977 2153 col.
1008 2122 1135 2159 11155,
1161 2120 1240 2164 qui,
1265 2119 1405 2165 positis
1432 2119 1580 2153 duabus
1604 2118 1719 2164 signi·

340 2177 587 2212 ficationibus
629 2180 858 2221 contrariis,
894 2180 1072 2214 neutrius
1099 2180 1248 2214 ratione
1274 2181 1483 2227 explicata,
1517 2184 1718 2227 utramque

342 2247 448 2284 aeque
482 2238 580 2273 bene
606 2240 647 2273 in
681 2241 860 2275 omnibus
887 2241 968 2275 fere
992 2241 1090 2275 locis
1115 2241 1289 2276 adhiberi
1315 2253 1431 2288 posse
1456 2245 1578 2288 putat.
1626 2241 1719 2276 For-

342 2299 506 2335 ccllinus
543 2300 701 2335 alteram
742 2302 1065 2348 significationem
1096 2314 1258 2348 prorsus
1286 2303 1440 2345 omisit,
1481 2303 1636 2350 utplus
1663 2303 1717 2338 di-

339 2362 457 2398 midia
493 2374 580 2409 pars
613 2362 788 2399 locorum
825 2364 906 2398 cius
934 2364 1245 2410 interpretationi
1271 2369 1474 2411 repugnet,
1525 2365 1630 2400 ldem
1658 2377 1717 2400 ac-

339 2424 436 2459 cidit
472 2424 664 2458 Beneckio
702 2425 744 2458 in
780 2430 870 2460 nota
906 2426 952 2459 ad
994 2425 1075 2464 Cic,
1107 2425 1220 2460 Catil.
1250 2430 1282 2467 1,
1317 2430 1351 2467 9,
1391 2430 1450 2468 22,
1489 2426 1555 2473 qui
1593 2432 1717 2462 tamen

338 2490 443 2520 recte
469 2485 673 2520 ridiculam
699 2486 861 2521 aliorum
891 2488 1249 2534 interpretationem
1277 2499 1297 2522 0
1322 2493 1433 2533 gestu
1459 2489 1624 2523 oratoris
1657 2499 1713 2524 rc-

338 2546 497 2592 petitam
523 2547 718 2583 rcfutavit.
785 2549 853 2593 [Ut
880 2549 1138 2593 Forcellinus,
1168 2550 1223 2583 ita
1250 2550 1467 2584 Frcundius
1493 2550 1611 2585 solam
1636 2550 1712 2597 pri-

337 2619 436 2641 mam
472 2612 510 2641 et
543 2610 869 2656 simplicissimam
901 2611 1225 2656 significationem
1249 2612 1384 2658 ponit;
1434 2616 1560 2646 cetera
1587 2613 1715 2646 omnia

339 2668 497 2709 omittit,
522 2671 596 2705 nisi
625 2672 728 2719 quod
754 2673 857 2707 inter
882 2672 1052 2720 exempla
1078 2673 1265 2708 adscribit
1287 2672 1487 2707 Ciceronis
1513 2671 1641 2706 locum
1667 2684 1712 2708 ex

339 2729 514 2764 seeundae
552 2733 738 2767 orationis
776 2734 1011 2769 Catilinariae
1049 2747 1131 2781 cap.
1162 2739 1184 2768 7
1222 2738 1260 2768 et
1296 2733 1429 2768 Ovidii
1469 2744 1513 2767 ex
1540 2735 1708 2770 secundo

334 2789 435 2825 libro
474 2791 860 2840 Metamorphoscon,
907 2801 1113 2843 utrumque
1158 2795 1467 2842 interpretationi
1501 2796 1710 2844 propositae

339 2855 641 2899 repugnantem]
