1821 3309
312 210 413 260 256

245 352 331 393 Sed
365 361 505 404 neque
537 352 757 387 vetustum
785 357 961 396 nomen,
994 358 1078 400 quo
1122 342 1251 385 Cotta
1281 355 1385 384 usus
1416 350 1524 393 erat,
1553 341 1708 397 Augu-

243 439 336 470 stus
367 428 560 477 reduxit,
600 433 658 476 et,
699 438 830 480 quum
879 422 1008 464 Cotta
1049 422 1170 474 olim,
1212 423 1256 463 in
1300 421 1443 462 libera
1485 419 1710 477 republica

241 506 477 564 populares
511 512 656 560 partes
684 512 872 554 sectans,
904 501 1102 542 tribunos
1133 515 1236 542 suos
1272 501 1450 542 aerarios
1492 499 1712 541 senatori-

246 586 325 627 bus
355 593 397 625 et
429 582 649 639 equitibus
684 583 728 622 iu
762 581 965 622 omuibus
1007 581 1180 621 iudiciis
1216 594 1339 636 aequa
1383 593 1443 619 ex
1481 585 1606 633 parte
1637 576 1712 618 ad-

245 665 482 713 iunxisset,
510 662 739 716 Augustus
773 661 1032 701 ducenarius
1065 673 1168 699 suos
1198 660 1313 699 intra
1342 657 1467 698 leves
1498 664 1540 697 et
1568 656 1712 712 priva-

247 753 311 784 tes
344 742 446 783 lites
482 741 708 781 continuit.
731 739 763 792 l)

359 821 594 875 Exposito,
625 816 824 858 tribunos
854 817 1030 856 aerarios
1063 829 1154 865 eos,
1184 827 1292 869 quos
1318 812 1396 854 lex
1423 811 1635 854 Cornelia
1660 813 1712 854 ad

248 901 408 941 iudicia
446 898 639 946 vocarit,
685 909 816 936 censu
861 909 886 935 a
930 893 1098 948 reliqua
1142 891 1270 948 plebe
1303 892 1529 933 distinctos
1559 892 1715 941 fuisse,

249 979 355 1020 illud
403 991 575 1034 quoque
620 974 837 1031 explicari
877 972 1163 1022 commodius,
1208 986 1337 1026 quam
1381 970 1522 1012 adhue
1553 970 1716 1011 factum

250 1066 330 1108 est,
364 1071 493 1112 posse
528 1055 714 1104 videtur,
763 1052 892 1108 quod,
936 1060 983 1091 ut
1015 1059 1115 1091 ante
1158 1050 1256 1090 dixi
1299 1055 1359 1105 (p.
1390 1051 1474 1090 224
1507 1050 1634 1103 not.),
1675 1056 1719 1090 et

251 1136 327 1177 alii
360 1143 402 1176 ct
438 1135 630 1175 maxime
663 1132 817 1172 Cicero
850 1131 892 1169 in
927 1129 1041 1183 legis
1077 1127 1272 1169 Aureliae
1303 1128 1718 1169 commemoratione

252 1214 453 1255 tribunos
489 1214 667 1252 aerarios
698 1211 916 1250 omittunt.
1031 1205 1144 1248 Nam
1182 1206 1292 1261 quod
1326 1206 1618 1248 Ruhnkenius
1650 1205 1720 1258 (ad

252 1291 372 1333 vell.
413 1290 482 1340 ΙΙ,
523 1290 594 1342 32)
652 1296 694 1328 et
740 1286 953 1327 Klenzius
1007 1284 1277 1339 (prolegom.
1323 1285 1376 1326 ad
1423 1284 1510 1341 leg.
1555 1283 1719 1325 Seruii.

284 1455 314 1497 ')
354 1451 591 1487 nuceum-ios
617 1462 636 1484 a
664 1450 919 1484 ducentorum
946 1446 1213 1481 sestertiorum
1249 1456 1392 1486 censu,
1426 1445 1587 1481 dimidio
1613 1457 1724 1493 eque-

346 1513 437 1548 stris
465 1524 603 1546 census
619 1538 629 1551 ,
656 1510 866 1557 appellatos
893 1513 997 1542 recte
1023 1508 1163 1542 docent
1188 1512 1226 1542 et
1252 1507 1515 1542 centenarium
1537 1507 1723 1541 libertum

347 1586 393 1608 cx
419 1574 503 1608 iure
529 1577 761 1619 comparant.
812 1571 907 1605 Nam
932 1569 1239 1615 Tigerstroemii‚
1265 1569 1331 1616 qui
1358 1569 1405 1604 de
1429 1569 1623 1604 iudicibus
1650 1568 1723 1604 Ro-

346 1636 468 1670 manis
494 1641 582 1669 ante
607 1635 756 1681 aliquot
776 1644 894 1666 anuos
921 1632 1061 1665 mirum
1084 1631 1227 1665 librum
1248 1632 1418 1678 scripsit,
1440 1643 1564 1679 neque
1588 1631 1629 1665 in
1654 1630 1725 1665 liae

348 1708 472 1744 neque
508 1697 549 1730 in
584 1696 669 1729 aliis
704 1694 818 1729 rebus
856 1704 1004 1727 errores
1043 1693 1234 1738 attingere
1280 1705 1404 1740 operae
1440 1693 1610 1741 pretium
1657 1697 1724 1726 est.

349 1757 423 1792 Sed
463 1758 546 1791 iure
572 1756 780 1804 quaeritur,
818 1767 1045 1802 (piamquam
1070 1754 1111 1788 id
1134 1755 1180 1788 ad
1205 1759 1376 1789 nostram
1402 1767 1483 1789 rem
1506 1767 1586 1789 non
1609 1754 1726 1801 perti-

347 1824 436 1859 net,
473 1818 664 1865 quomodo
706 1817 831 1850 trihus
873 1815 1041 1850 decuriis
1076 1816 1276 1860 Augustus
1310 1821 1484 1862 quartam
1525 1814 1729 1854 addiderit,

351 1892 468 1925 quum
507 1879 600 1913 duas
637 1882 786 1912 tantum
812 1877 1001 1911 Caesarem
1027 1876 1251 1923 reliquisse,
1275 1889 1354 1912 non
1380 1878 1503 1912 solum
1529 1876 1604 1911 duo
1630 1875 1727 1909 iudi-

350 1954 436 1975 cum
463 1952 623 1986 genera,
650 1943 829 1987 appareat
854 1951 898 1972 ex
924 1939 972 1972 iis
988 1965 998 1979 ,
1025 1950 1107 1985 quae
1141 1938 1278 1973 Cicero
1305 1939 1351 1974 de
1376 1941 1538 1975 Antonii
1563 1941 1649 1986 lege
1674 1939 1729 1974 di-

351 2004 405 2037 cit
428 2002 527 2037 Phil.
555 2002 585 2042 1,
612 2006 647 2041 8,
674 2001 720 2042 V,
751 2005 786 2042 5,
812 2000 919 2041 xm,
944 2003 977 2035 2.
1037 2000 1132 2034 Nam
1159 2000 1371 2035 Antonium
1396 2002 1520 2049 legem
1543 2014 1623 2037 non
1646 2013 1729 2049 per·

354 2064 502 2104 tulisse,
537 2061 738 2110 probabile
764 2067 834 2102 est,
872 2066 922 2102 et,
947 2060 978 2094 si
1004 2061 1178 2106 pertulit,
1206 2074 1291 2096 cum
1318 2064 1457 2098 ceteris
1483 2065 1566 2098 eius
1592 2075 1728 2098 eonsu-

349 2126 450 2158 latus
477 2125 573 2158 actis
602 2123 754 2156 sublata
782 2127 862 2162 est,
910 2133 980 2155 nec
1006 2122 1038 2155 is
1068 2127 1157 2167 post
1181 2122 1327 2158 bellum
1351 2124 1573 2159 Mutinense
1597 2124 1728 2158 huius-

352 2185 454 2219 modi
481 2185 578 2218 ullas
606 2195 666 2216 res
693 2183 833 2228 attigit.
891 2183 943 2216 Et
970 2182 1052 2215 eius
1080 2183 1193 2216 tertia
1218 2183 1373 2218 decuria
1397 2185 1549 2219 nullum
1574 2185 1730 2220 omnino

353 2257 509 2281 censum
534 2244 788 2291 przefinicbat,
826 2248 868 2276 ut
895 2248 1029 2290 quarta
1055 2254 1098 2277 ex
1125 2243 1310 2278 inferiore
1335 2257 1454 2281 censu
1480 2247 1514 2281 ei
1540 2246 1630 2281 addi
1653 2258 1732 2281 non

353 2312 495 2354 posset.
547 2305 705 2340 VValter
732 2304 888 2349 (Gcsch.
917 2305 983 2338 des
1009 2305 1100 2338 rom.
1128 2304 1270 2339 Rechts
1296 2306 1313 2339 1
1337 2319 1371 2352 p.
1397 2309 1485 2352 243)
1511 2308 1732 2354 Augustum

355 2368 519 2413 primum
556 2367 706 2400 tertiam
743 2366 937 2400 decuriam
973 2365 1213 2405 restituisse,
1257 2366 1396 2402 deinde
1429 2374 1603 2416 quartam
1627 2368 1730 2403 addi-

356 2430 458 2464 disse
485 2428 632 2463 sci-ibit.
681 2428 775 2461 Eam
803 2427 956 2473 quidem
984 2427 1159 2467 tertiam,
1195 2439 1277 2474 quae
1303 2428 1450 2472 fuerat,
1490 2431 1733 2465 tribunorum

356 2491 589 2530 cerariorum,
626 2500 704 2522 non
729 2488 915 2528 restituit,
942 2487 1053 2534 eique
1077 2488 1207 2535 potius
1234 2496 1368 2536 quarta
1394 2503 1492 2535 nova
1516 2490 1734 2538 respondet.

357 2552 455 2594 Sed,
485 2557 528 2585 ut
554 2550 716 2596 opinor,
742 2549 837 2584 duos
865 2549 1042 2591 ordines,
1076 2555 1270 2585 senatores
1298 2557 1336 2585 et
1361 2553 1534 2599 equites,
1570 2563 1732 2586 commo-

357 2613 477 2647 dioris
515 2624 609 2646 usus
645 2623 780 2652 causa,
817 2611 857 2644 in
894 2616 970 2645 tres
1008 2600 1181 2645 decurias
1209 2611 1403 2649 diviserat.
1452 2615 1532 2649 Nee
1555 2617 1733 2659 poterant

359 2679 554 2708 senatores
581 2673 776 2707 decuriam
802 2673 975 2719 explere,
1004 2673 1036 2706 si
1061 2677 1165 2707 recte
1189 2672 1339 2707 Plinius
1365 2673 1434 2708 illo
1461 2679 1631 2720 tempore
1658 2674 1732 2708 sin-

359 2734 447 2779 gula
483 2735 589 2767 milia
622 2734 663 2767 in
699 2734 863 2780 singulis
900 2734 1067 2768 decuriis
1107 2733 1229 2768 fuisse
1268 2734 1414 2771 scribit,
1475 2734 1552 2769 Sed
1587 2745 1632 2769 ex
1658 2746 1733 2782 quo

360 2795 592 2840 gravissimae
629 2807 751 2829 causae
792 2795 957 2841 publicae
1001 2796 1042 2830 in
1074 2796 1158 2842 ipso
1201 2799 1336 2829 senatu
1372 2796 1554 2841 cognosci
1591 2801 1734 2842 coepta:

362 2860 464 2897 sunt,
492 2856 633 2892 sensim
659 2861 855 2891 senatores
883 2857 921 2889 in
946 2856 1114 2892 decuriis
1130 2847 1300 2890 iudicum
1317 2867 1400 2890 esse
1415 2856 1562 2892 desisse
1584 2857 1732 2903 opinor.
