<?xml version="1.0" encoding="UTF-8"?>
<!DOCTYPE html PUBLIC "-//W3C//DTD XHTML 1.0 Transitional//EN"
    "http://www.w3.org/TR/xhtml1/DTD/xhtml1-transitional.dtd">
<html xmlns="http://www.w3.org/1999/xhtml" xml:lang="en" lang="en">
 <head>
  <title>
</title>
<meta http-equiv="Content-Type" content="text/html;charset=utf-8" />
  <meta name='ocr-system' content='tesseract 3.04.00' />
  <meta name='ocr-capabilities' content='ocr_page ocr_carea ocr_par ocr_line ocrx_word'/>
</head>
<body>
  <div class='ocr_page' id='page_1' title='image "./ionicolaimadvigi02madvuoft_0194.png"; bbox 0 0 1821 3309; ppageno 0'>
   <div class='ocr_carea' id='block_1_1' title="bbox 265 164 361 214">
    <p class='ocr_par' dir='ltr' id='par_1_1' title="bbox 265 164 361 214">
     <span class='ocr_line' id='line_1_1' title="bbox 265 164 361 214; baseline -0.01 0"><span class='ocrx_word' id='word_1_1' title='bbox 265 164 361 214; x_wconf 73' lang='lat'>182</span> 
     </span>
    </p>
   </div>
   <div class='ocr_carea' id='block_1_2' title="bbox 190 299 1680 1704">
    <p class='ocr_par' dir='ltr' id='par_1_2' title="bbox 190 299 1680 1704">
     <span class='ocr_line' id='line_1_2' title="bbox 193 299 1663 357; baseline -0.003 -9"><span class='ocrx_word' id='word_1_2' title='bbox 193 307 366 349; x_wconf 84' lang='lat' dir='ltr'>videtur</span> <span class='ocrx_word' id='word_1_3' title='bbox 384 315 496 353; x_wconf 83' lang='lat' dir='ltr'>esse,</span> <span class='ocrx_word' id='word_1_4' title='bbox 527 310 574 341; x_wconf 84' lang='lat' dir='ltr'>ut</span> <span class='ocrx_word' id='word_1_5' title='bbox 608 302 745 342; x_wconf 79' lang='lat' dir='ltr'>maior</span> <span class='ocrx_word' id='word_1_6' title='bbox 777 299 899 342; x_wconf 83' lang='lat' dir='ltr'>nulla</span> <span class='ocrx_word' id='word_1_7' title='bbox 933 313 1029 341; x_wconf 82' lang='lat' dir='ltr'>esse</span> <span class='ocrx_word' id='word_1_8' title='bbox 1060 302 1226 356; x_wconf 85' lang='lat' dir='ltr'>possit;</span> <span class='ocrx_word' id='word_1_9' title='bbox 1258 315 1388 357; x_wconf 86' lang='lat' dir='ltr'>quam</span> <span class='ocrx_word' id='word_1_10' title='bbox 1421 302 1495 357; x_wconf 91' lang='lat' dir='ltr'>qui</span> <span class='ocrx_word' id='word_1_11' title='bbox 1526 309 1663 357; x_wconf 84' lang='lat' dir='ltr'>poetae</span> 
     </span>
     <span class='ocr_line' id='line_1_3' title="bbox 194 379 1667 442; baseline -0.002 -17"><span class='ocrx_word' id='word_1_12' title='bbox 194 386 279 442; x_wconf 84' lang='lat' dir='ltr'>ipsi</span> <span class='ocrx_word' id='word_1_13' title='bbox 307 384 520 438; x_wconf 81' lang='lat' dir='ltr'>imputat,</span> <span class='ocrx_word' id='word_1_14' title='bbox 570 379 861 430; x_wconf 73' lang='lat' dir='ltr'>Schmidtius,</span> <span class='ocrx_word' id='word_1_15' title='bbox 906 392 1080 421; x_wconf 79' lang='lat' dir='ltr'>versum</span> <span class='ocrx_word' id='word_1_16' title='bbox 1115 382 1221 431; x_wconf 81' lang='lat'><strong>199,</strong></span> <span class='ocrx_word' id='word_1_17' title='bbox 1263 394 1322 421; x_wconf 86' lang='lat' dir='ltr'>ex</span> <span class='ocrx_word' id='word_1_18' title='bbox 1368 394 1454 436; x_wconf 92' lang='lat' dir='ltr'>quo</span> <span class='ocrx_word' id='word_1_19' title='bbox 1485 389 1667 437; x_wconf 83' lang='lat' dir='ltr'>apparet</span> 
     </span>
     <span class='ocr_line' id='line_1_4' title="bbox 190 460 1667 521; baseline -0.003 -16"><span class='ocrx_word' id='word_1_20' title='bbox 190 471 331 521; x_wconf 83' lang='lat' dir='ltr'>poetae</span> <span class='ocrx_word' id='word_1_21' title='bbox 363 461 679 502; x_wconf 82' lang='lat' dir='ltr'>sententiarum</span> <span class='ocrx_word' id='word_1_22' title='bbox 720 460 826 500; x_wconf 88' lang='lat' dir='ltr'>ordo</span> <span class='ocrx_word' id='word_1_23' title='bbox 859 468 902 500; x_wconf 87' lang='lat' dir='ltr'>et</span> <span class='ocrx_word' id='word_1_24' title='bbox 933 460 1202 515; x_wconf 78' lang='lat' dir='ltr'>progressio,</span> <span class='ocrx_word' id='word_1_25' title='bbox 1247 473 1526 513; x_wconf 85' lang='lat' dir='ltr'>eorrumpere</span> <span class='ocrx_word' id='word_1_26' title='bbox 1567 474 1667 501; x_wconf 83' lang='lat' dir='ltr'>eoa-</span> 
     </span>
     <span class='ocr_line' id='line_1_5' title="bbox 193 537 1667 589; baseline -0.003 -5"><span class='ocrx_word' id='word_1_27' title='bbox 193 551 287 585; x_wconf 88' lang='lat' dir='ltr'>ctus</span> <span class='ocrx_word' id='word_1_28' title='bbox 319 549 400 583; x_wconf 83' lang='lat' dir='ltr'>est.</span> <span class='ocrx_word' id='word_1_29' title='bbox 456 539 624 581; x_wconf 82' lang='lat' dir='ltr'>Verum</span> <span class='ocrx_word' id='word_1_30' title='bbox 656 538 781 580; x_wconf 78' lang='lat' dir='ltr'>salva</span> <span class='ocrx_word' id='word_1_31' title='bbox 813 553 881 580; x_wconf 82' lang='lat' dir='ltr'>res</span> <span class='ocrx_word' id='word_1_32' title='bbox 916 547 996 580; x_wconf 83' lang='lat' dir='ltr'>est.</span> <span class='ocrx_word' id='word_1_33' title='bbox 1055 537 1166 580; x_wconf 81' lang='lat' dir='ltr'>Nam</span> <span class='ocrx_word' id='word_1_34' title='bbox 1185 537 1362 589; x_wconf 77' lang='lat' dir='ltr'><em>semera</em></span> <span class='ocrx_word' id='word_1_35' title='bbox 1392 538 1582 581; x_wconf 78' lang='lat' dir='ltr'>vendere</span> <span class='ocrx_word' id='word_1_36' title='bbox 1613 539 1667 580; x_wconf 89' lang='lat' dir='ltr'>ad</span> 
     </span>
     <span class='ocr_line' id='line_1_6' title="bbox 194 617 1667 678; baseline -0.001 -16"><span class='ocrx_word' id='word_1_37' title='bbox 194 620 501 678; x_wconf 75' lang='lat' dir='ltr'>gladiatoriam</span> <span class='ocrx_word' id='word_1_38' title='bbox 545 633 737 675; x_wconf 79' lang='lat' dir='ltr'>pugnam</span> <span class='ocrx_word' id='word_1_39' title='bbox 782 633 834 659; x_wconf 91' lang='lat' dir='ltr'>ne</span> <span class='ocrx_word' id='word_1_40' title='bbox 876 626 1052 674; x_wconf 77' lang='lat' dir='ltr'>propter</span> <span class='ocrx_word' id='word_1_41' title='bbox 1088 619 1228 674; x_wconf 82' lang='lat' dir='ltr'>ipsam</span> <span class='ocrx_word' id='word_1_42' title='bbox 1272 618 1445 674; x_wconf 86' lang='lat' dir='ltr'>quidem</span> <span class='ocrx_word' id='word_1_43' title='bbox 1481 617 1667 660; x_wconf 84' lang='lat' dir='ltr'>locutio-</span> 
     </span>
     <span class='ocr_line' id='line_1_7' title="bbox 195 695 1668 755; baseline -0.003 -13"><span class='ocrx_word' id='word_1_44' title='bbox 195 702 262 742; x_wconf 89' lang='lat' dir='ltr'>nis</span> <span class='ocrx_word' id='word_1_45' title='bbox 294 702 382 741; x_wconf 89' lang='lat' dir='ltr'>vim</span> <span class='ocrx_word' id='word_1_46' title='bbox 415 698 634 755; x_wconf 83' lang='lat' dir='ltr'>pertinere</span> <span class='ocrx_word' id='word_1_47' title='bbox 668 706 837 753; x_wconf 77' lang='lat' dir='ltr'>potest3</span> <span class='ocrx_word' id='word_1_48' title='bbox 869 711 966 738; x_wconf 84' lang='lat' dir='ltr'>nam</span> <span class='ocrx_word' id='word_1_49' title='bbox 1001 711 1079 738; x_wconf 88' lang='lat' dir='ltr'>nee</span> <span class='ocrx_word' id='word_1_50' title='bbox 1112 696 1315 737; x_wconf 83' lang='lat' dir='ltr'>omnibus</span> <span class='ocrx_word' id='word_1_51' title='bbox 1346 695 1668 752; x_wconf 81' lang='lat' dir='ltr'>gladiatoribus</span> 
     </span>
     <span class='ocr_line' id='line_1_8' title="bbox 197 776 1668 832; baseline -0.003 -11"><span class='ocrx_word' id='word_1_52' title='bbox 197 787 314 821; x_wconf 84' lang='lat' dir='ltr'>certa</span> <span class='ocrx_word' id='word_1_53' title='bbox 357 791 474 819; x_wconf 84' lang='lat' dir='ltr'>mors</span> <span class='ocrx_word' id='word_1_54' title='bbox 517 785 636 828; x_wconf 84' lang='lat' dir='ltr'>erat,</span> <span class='ocrx_word' id='word_1_55' title='bbox 690 790 794 827; x_wconf 86' lang='lat' dir='ltr'>nee,</span> <span class='ocrx_word' id='word_1_56' title='bbox 839 777 912 832; x_wconf 86' lang='lat' dir='ltr'>qui</span> <span class='ocrx_word' id='word_1_57' title='bbox 954 777 1082 817; x_wconf 85' lang='lat' dir='ltr'>morti</span> <span class='ocrx_word' id='word_1_58' title='bbox 1126 789 1173 816; x_wconf 89' lang='lat' dir='ltr'>se</span> <span class='ocrx_word' id='word_1_59' title='bbox 1207 776 1450 831; x_wconf 84' lang='lat' dir='ltr'>spondent,</span> <span class='ocrx_word' id='word_1_60' title='bbox 1492 781 1668 818; x_wconf 80' lang='lat' dir='ltr'>mortem</span> 
     </span>
     <span class='ocr_line' id='line_1_9' title="bbox 195 852 1668 911; baseline -0.002 -12"><span class='ocrx_word' id='word_1_61' title='bbox 195 858 402 906; x_wconf 81' lang='lat' dir='ltr'>vendunt,</span> <span class='ocrx_word' id='word_1_62' title='bbox 438 856 515 897; x_wconf 78' lang='lat' dir='ltr'>sed</span> <span class='ocrx_word' id='word_1_63' title='bbox 549 860 694 898; x_wconf 67' lang='lat' dir='ltr'>vitam.</span> <span class='ocrx_word' id='word_1_64' title='bbox 758 855 956 910; x_wconf 80' lang='lat' dir='ltr'><strong>Apparet</strong></span> <span class='ocrx_word' id='word_1_65' title='bbox 988 855 1139 911; x_wconf 83' lang='lat' dir='ltr'>igitur,</span> <span class='ocrx_word' id='word_1_66' title='bbox 1177 852 1365 910; x_wconf 83' lang='lat' dir='ltr'>figurate</span> <span class='ocrx_word' id='word_1_67' title='bbox 1397 854 1507 896; x_wconf 90' lang='lat' dir='ltr'>illud</span> <span class='ocrx_word' id='word_1_68' title='bbox 1541 870 1567 896; x_wconf 82' lang='lat' dir='ltr'>a</span> <span class='ocrx_word' id='word_1_69' title='bbox 1596 854 1668 896; x_wconf 90' lang='lat' dir='ltr'>Iu-</span> 
     </span>
     <span class='ocr_line' id='line_1_10' title="bbox 197 932 1668 985; baseline -0.003 -6"><span class='ocrx_word' id='word_1_70' title='bbox 197 936 352 979; x_wconf 80' lang='lat' dir='ltr'>venale</span> <span class='ocrx_word' id='word_1_71' title='bbox 394 937 556 978; x_wconf 85' lang='lat' dir='ltr'>dictum</span> <span class='ocrx_word' id='word_1_72' title='bbox 599 949 710 976; x_wconf 86' lang='lat' dir='ltr'>esse.</span> <span class='ocrx_word' id='word_1_73' title='bbox 784 933 898 976; x_wconf 84' lang='lat' dir='ltr'>Nam</span> <span class='ocrx_word' id='word_1_74' title='bbox 929 932 1118 985; x_wconf 82' lang='lat' dir='ltr'>Fabios,</span> <span class='ocrx_word' id='word_1_75' title='bbox 1159 932 1409 976; x_wconf 84' lang='lat' dir='ltr'>Mamercos</span> <span class='ocrx_word' id='word_1_76' title='bbox 1441 933 1668 984; x_wconf 86' lang='lat' dir='ltr'>AEmilios,</span> 
     </span>
     <span class='ocr_line' id='line_1_11' title="bbox 196 1012 1669 1070; baseline -0.002 -13"><span class='ocrx_word' id='word_1_77' title='bbox 196 1024 365 1057; x_wconf 87' lang='lat' dir='ltr'>ceteros</span> <span class='ocrx_word' id='word_1_78' title='bbox 407 1015 614 1070; x_wconf 85' lang='lat' dir='ltr'>patricios</span> <span class='ocrx_word' id='word_1_79' title='bbox 655 1022 697 1054; x_wconf 86' lang='lat' dir='ltr'>et</span> <span class='ocrx_word' id='word_1_80' title='bbox 738 1012 1039 1054; x_wconf 83' lang='lat' dir='ltr'>nobilissimos</span> <span class='ocrx_word' id='word_1_81' title='bbox 1081 1013 1308 1065; x_wconf 83' lang='lat' dir='ltr'>homines,</span> <span class='ocrx_word' id='word_1_82' title='bbox 1354 1027 1487 1069; x_wconf 87' lang='lat' dir='ltr'>quum</span> <span class='ocrx_word' id='word_1_83' title='bbox 1527 1026 1669 1054; x_wconf 82' lang='lat' dir='ltr'>seenae</span> 
     </span>
     <span class='ocr_line' id='line_1_12' title="bbox 197 1091 1668 1150; baseline -0.001 -15"><span class='ocrx_word' id='word_1_84' title='bbox 197 1108 376 1150; x_wconf 81' lang='lat' dir='ltr'>operam</span> <span class='ocrx_word' id='word_1_85' title='bbox 405 1092 580 1143; x_wconf 81' lang='lat' dir='ltr'>locent,</span> <span class='ocrx_word' id='word_1_86' title='bbox 610 1106 695 1133; x_wconf 89' lang='lat' dir='ltr'>non</span> <span class='ocrx_word' id='word_1_87' title='bbox 731 1105 778 1132; x_wconf 83' lang='lat' dir='ltr'>se</span> <span class='ocrx_word' id='word_1_88' title='bbox 814 1092 1005 1133; x_wconf 79' lang='lat' dir='ltr'>vendere</span> <span class='ocrx_word' id='word_1_89' title='bbox 1037 1092 1164 1142; x_wconf 83' lang='lat' dir='ltr'>dicit,</span> <span class='ocrx_word' id='word_1_90' title='bbox 1199 1093 1271 1147; x_wconf 86' lang='lat' dir='ltr'>qui</span> <span class='ocrx_word' id='word_1_91' title='bbox 1303 1093 1390 1133; x_wconf 85' lang='lat' dir='ltr'>iam</span> <span class='ocrx_word' id='word_1_92' title='bbox 1422 1091 1535 1133; x_wconf 89' lang='lat' dir='ltr'>nulli</span> <span class='ocrx_word' id='word_1_93' title='bbox 1565 1094 1668 1143; x_wconf 83' lang='lat' dir='ltr'>sint,</span> 
     </span>
     <span class='ocr_line' id='line_1_13' title="bbox 197 1169 1670 1227; baseline -0.001 -13"><span class='ocrx_word' id='word_1_94' title='bbox 197 1174 418 1214; x_wconf 83' lang='lat' dir='ltr'>exstincta</span> <span class='ocrx_word' id='word_1_95' title='bbox 452 1171 534 1213; x_wconf 86' lang='lat' dir='ltr'>hoc</span> <span class='ocrx_word' id='word_1_96' title='bbox 565 1169 732 1212; x_wconf 81' lang='lat' dir='ltr'>scelere</span> <span class='ocrx_word' id='word_1_97' title='bbox 764 1170 995 1212; x_wconf 85' lang='lat' dir='ltr'>nobilitate</span> <span class='ocrx_word' id='word_1_98' title='bbox 1030 1170 1124 1222; x_wconf 83' lang='lat' dir='ltr'>illa,</span> <span class='ocrx_word' id='word_1_99' title='bbox 1165 1169 1340 1212; x_wconf 85' lang='lat' dir='ltr'>sublato</span> <span class='ocrx_word' id='word_1_100' title='bbox 1368 1185 1548 1227; x_wconf 83' lang='lat' dir='ltr'>genere,</span> <span class='ocrx_word' id='word_1_101' title='bbox 1592 1186 1670 1213; x_wconf 88' lang='lat' dir='ltr'>no-</span> 
     </span>
     <span class='ocr_line' id='line_1_14' title="bbox 199 1244 1670 1307; baseline -0.001 -14"><span class='ocrx_word' id='word_1_102' title='bbox 199 1254 316 1293; x_wconf 86' lang='lat' dir='ltr'>mine</span> <span class='ocrx_word' id='word_1_103' title='bbox 366 1265 490 1304; x_wconf 80' lang='lat' dir='ltr'>paene</span> <span class='ocrx_word' id='word_1_104' title='bbox 534 1244 707 1300; x_wconf 77' lang='lat' dir='ltr'>deleto,</span> <span class='ocrx_word' id='word_1_105' title='bbox 752 1257 799 1288; x_wconf 86' lang='lat' dir='ltr'>ut</span> <span class='ocrx_word' id='word_1_106' title='bbox 845 1250 989 1304; x_wconf 83' lang='lat' dir='ltr'>potius</span> <span class='ocrx_word' id='word_1_107' title='bbox 1032 1250 1162 1290; x_wconf 86' lang='lat' dir='ltr'>funus</span> <span class='ocrx_word' id='word_1_108' title='bbox 1207 1263 1333 1290; x_wconf 85' lang='lat' dir='ltr'>suum</span> <span class='ocrx_word' id='word_1_109' title='bbox 1373 1259 1416 1291; x_wconf 91' lang='lat' dir='ltr'>et</span> <span class='ocrx_word' id='word_1_110' title='bbox 1460 1249 1670 1307; x_wconf 81' lang='lat' dir='ltr'>reliquias</span> 
     </span>
     <span class='ocr_line' id='line_1_15' title="bbox 198 1327 1672 1385; baseline -0.001 -12"><span class='ocrx_word' id='word_1_111' title='bbox 198 1339 394 1373; x_wconf 84' lang='lat' dir='ltr'>mortuas</span> <span class='ocrx_word' id='word_1_112' title='bbox 439 1330 550 1370; x_wconf 86' lang='lat' dir='ltr'>tanti</span> <span class='ocrx_word' id='word_1_113' title='bbox 592 1330 768 1384; x_wconf 82' lang='lat' dir='ltr'>generis</span> <span class='ocrx_word' id='word_1_114' title='bbox 811 1328 1001 1368; x_wconf 71' lang='lat' dir='ltr'>vendere</span> <span class='ocrx_word' id='word_1_115' title='bbox 1043 1328 1338 1381; x_wconf 76' lang='lat' dir='ltr'>videantur-¹)</span> <span class='ocrx_word' id='word_1_116' title='bbox 1403 1327 1500 1370; x_wconf 89' lang='lat' dir='ltr'>Hoc</span> <span class='ocrx_word' id='word_1_117' title='bbox 1533 1344 1672 1385; x_wconf 84' lang='lat' dir='ltr'>expe-</span> 
     </span>
     <span class='ocr_line' id='line_1_16' title="bbox 199 1403 1671 1462; baseline -0.002 -10"><span class='ocrx_word' id='word_1_118' title='bbox 199 1412 289 1453; x_wconf 81' lang='lat' dir='ltr'>dito</span> <span class='ocrx_word' id='word_1_119' title='bbox 321 1418 467 1451; x_wconf 85' lang='lat' dir='ltr'>cetera</span> <span class='ocrx_word' id='word_1_120' title='bbox 495 1406 625 1449; x_wconf 82' lang='lat' dir='ltr'>facile</span> <span class='ocrx_word' id='word_1_121' title='bbox 657 1407 906 1449; x_wconf 83' lang='lat' dir='ltr'>decurrunt.</span> <span class='ocrx_word' id='word_1_122' title='bbox 975 1403 1167 1462; x_wconf 82' lang='lat' dir='ltr'>Operam</span> <span class='ocrx_word' id='word_1_123' title='bbox 1198 1405 1266 1447; x_wconf 88' lang='lat' dir='ltr'>illi</span> <span class='ocrx_word' id='word_1_124' title='bbox 1297 1420 1438 1447; x_wconf 84' lang='lat' dir='ltr'>scenae</span> <span class='ocrx_word' id='word_1_125' title='bbox 1465 1406 1671 1449; x_wconf 81' lang='lat' dir='ltr'>locabant</span> 
     </span>
     <span class='ocr_line' id='line_1_17' title="bbox 197 1485 1672 1545; baseline -0.001 -16"><span class='ocrx_word' id='word_1_126' title='bbox 197 1491 339 1545; x_wconf 80' lang='lat' dir='ltr'>pretio</span> <span class='ocrx_word' id='word_1_127' title='bbox 372 1497 414 1529; x_wconf 85' lang='lat' dir='ltr'>et</span> <span class='ocrx_word' id='word_1_128' title='bbox 446 1488 590 1544; x_wconf 80' lang='lat' dir='ltr'>gratia</span> <span class='ocrx_word' id='word_1_129' title='bbox 622 1487 810 1527; x_wconf 82' lang='lat' dir='ltr'>fortasse</span> <span class='ocrx_word' id='word_1_130' title='bbox 846 1485 1049 1534; x_wconf 80' lang='lat' dir='ltr'>adducti3</span> <span class='ocrx_word' id='word_1_131' title='bbox 1095 1493 1227 1541; x_wconf 89' lang='lat' dir='ltr'>negat</span> <span class='ocrx_word' id='word_1_132' title='bbox 1258 1493 1389 1541; x_wconf 84' lang='lat' dir='ltr'>poeta</span> <span class='ocrx_word' id='word_1_133' title='bbox 1422 1485 1505 1528; x_wconf 88' lang='lat' dir='ltr'>hoc</span> <span class='ocrx_word' id='word_1_134' title='bbox 1534 1486 1672 1528; x_wconf 88' lang='lat' dir='ltr'>refer-</span> 
     </span>
     <span class='ocr_line' id='line_1_18' title="bbox 198 1565 1672 1622; baseline -0.003 -11"><span class='ocrx_word' id='word_1_135' title='bbox 198 1584 262 1618; x_wconf 84' lang='lat' dir='ltr'>re,</span> <span class='ocrx_word' id='word_1_136' title='bbox 297 1569 334 1609; x_wconf 81' lang='lat' dir='ltr'>si</span> <span class='ocrx_word' id='word_1_137' title='bbox 366 1567 492 1609; x_wconf 86' lang='lat' dir='ltr'>modo</span> <span class='ocrx_word' id='word_1_138' title='bbox 525 1581 610 1607; x_wconf 88' lang='lat' dir='ltr'>non</span> <span class='ocrx_word' id='word_1_139' title='bbox 640 1567 779 1607; x_wconf 83' lang='lat' dir='ltr'>eoacti</span> <span class='ocrx_word' id='word_1_140' title='bbox 809 1565 1000 1618; x_wconf 82' lang='lat' dir='ltr'>faciant3</span> <span class='ocrx_word' id='word_1_141' title='bbox 1045 1578 1198 1606; x_wconf 86' lang='lat' dir='ltr'>verum</span> <span class='ocrx_word' id='word_1_142' title='bbox 1233 1579 1318 1606; x_wconf 88' lang='lat' dir='ltr'>non</span> <span class='ocrx_word' id='word_1_143' title='bbox 1352 1567 1451 1622; x_wconf 83' lang='lat' dir='ltr'>cogi</span> <span class='ocrx_word' id='word_1_144' title='bbox 1482 1579 1562 1607; x_wconf 86' lang='lat' dir='ltr'>nec</span> <span class='ocrx_word' id='word_1_145' title='bbox 1592 1566 1672 1608; x_wconf 85' lang='lat' dir='ltr'>im·</span> 
     </span>
     <span class='ocr_line' id='line_1_19' title="bbox 199 1642 1680 1704; baseline -0.002 -15"><span class='ocrx_word' id='word_1_146' title='bbox 199 1648 393 1704; x_wconf 85' lang='lat' dir='ltr'>peratori</span> <span class='ocrx_word' id='word_1_147' title='bbox 424 1644 591 1688; x_wconf 87' lang='lat' dir='ltr'>erudeli</span> <span class='ocrx_word' id='word_1_148' title='bbox 627 1645 704 1686; x_wconf 86' lang='lat' dir='ltr'>sed</span> <span class='ocrx_word' id='word_1_149' title='bbox 735 1645 912 1700; x_wconf 85' lang='lat' dir='ltr'>praetori</span> <span class='ocrx_word' id='word_1_150' title='bbox 944 1642 1027 1685; x_wconf 86' lang='lat' dir='ltr'>hoc</span> <span class='ocrx_word' id='word_1_151' title='bbox 1057 1652 1278 1699; x_wconf 76' lang='lat' dir='ltr'>praestare.</span> <span class='ocrx_word' id='word_1_152' title='bbox 1292 1644 1330 1698; x_wconf 80' lang='grc'>2)</span> <span class='ocrx_word' id='word_1_153' title='bbox 1405 1643 1579 1687; x_wconf 85' lang='lat' dir='ltr'>Deinde</span> <span class='ocrx_word' id='word_1_154' title='bbox 1609 1645 1680 1686; x_wconf 86' lang='lat' dir='ltr'>sie·</span> 
     </span>
    </p>
   </div>
   <div class='ocr_carea' id='block_1_3' title="bbox 229 1783 1674 2879">
    <p class='ocr_par' dir='ltr' id='par_1_3' title="bbox 292 1783 1674 2508">
     <span class='ocr_line' id='line_1_20' title="bbox 295 1783 1673 1831; baseline -0.004 -9"><span class='ocrx_word' id='word_1_155' title='bbox 295 1788 385 1822; x_wconf 81' lang='lat' dir='ltr'>dare</span> <span class='ocrx_word' id='word_1_156' title='bbox 410 1786 622 1826; x_wconf 84' lang='lat' dir='ltr'>vetuisset;</span> <span class='ocrx_word' id='word_1_157' title='bbox 657 1785 789 1830; x_wconf 78' lang='lat' dir='ltr'>itaque</span> <span class='ocrx_word' id='word_1_158' title='bbox 824 1795 941 1831; x_wconf 86' lang='lat' dir='ltr'>quum</span> <span class='ocrx_word' id='word_1_159' title='bbox 980 1783 1026 1818; x_wconf 88' lang='lat' dir='ltr'>de</span> <span class='ocrx_word' id='word_1_160' title='bbox 1051 1784 1332 1830; x_wconf 79' lang='lat' dir='ltr'>gladiatoribus</span> <span class='ocrx_word' id='word_1_161' title='bbox 1356 1794 1435 1818; x_wconf 90' lang='lat' dir='ltr'>non</span> <span class='ocrx_word' id='word_1_162' title='bbox 1464 1783 1673 1826; x_wconf 79' lang='lat' dir='ltr'>dubitaret,</span> 
     </span>
     <span class='ocr_line' id='line_1_21' title="bbox 292 1844 1672 1894; baseline -0.003 -10"><span class='ocrx_word' id='word_1_163' title='bbox 292 1860 447 1884; x_wconf 82' lang='lat' dir='ltr'>versum</span> <span class='ocrx_word' id='word_1_164' title='bbox 474 1849 565 1888; x_wconf 75' lang='lat'>194,</span> <span class='ocrx_word' id='word_1_165' title='bbox 592 1847 633 1881; x_wconf 90' lang='lat' dir='ltr'>in</span> <span class='ocrx_word' id='word_1_166' title='bbox 660 1858 735 1894; x_wconf 85' lang='lat' dir='ltr'>quo</span> <span class='ocrx_word' id='word_1_167' title='bbox 762 1845 941 1893; x_wconf 81' lang='lat' dir='ltr'>praetoris</span> <span class='ocrx_word' id='word_1_168' title='bbox 966 1845 1111 1880; x_wconf 84' lang='lat' dir='ltr'>mentio</span> <span class='ocrx_word' id='word_1_169' title='bbox 1136 1845 1273 1894; x_wconf 80' lang='lat' dir='ltr'>ficret,</span> <span class='ocrx_word' id='word_1_170' title='bbox 1302 1844 1516 1880; x_wconf 81' lang='lat' dir='ltr'>damnabat.</span> <span class='ocrx_word' id='word_1_171' title='bbox 1585 1844 1672 1880; x_wconf 85' lang='lat' dir='ltr'>Hoc</span> 
     </span>
     <span class='ocr_line' id='line_1_22' title="bbox 295 1905 1673 1957; baseline -0.004 -12"><span class='ocrx_word' id='word_1_172' title='bbox 295 1910 343 1945; x_wconf 89' lang='lat' dir='ltr'>de</span> <span class='ocrx_word' id='word_1_173' title='bbox 373 1909 604 1957; x_wconf 76' lang='lat' dir='ltr'>praetorihus</span> <span class='ocrx_word' id='word_1_174' title='bbox 628 1908 827 1942; x_wconf 46' lang='lat' dir='ltr'>X&#39;Veberus</span> <span class='ocrx_word' id='word_1_175' title='bbox 854 1918 987 1941; x_wconf 78' lang='lat' dir='ltr'>verum</span> <span class='ocrx_word' id='word_1_176' title='bbox 1014 1917 1097 1942; x_wconf 88' lang='lat' dir='ltr'>csse</span> <span class='ocrx_word' id='word_1_177' title='bbox 1127 1911 1266 1953; x_wconf 76' lang='lat' dir='ltr'>negat,</span> <span class='ocrx_word' id='word_1_178' title='bbox 1307 1918 1379 1941; x_wconf 90' lang='lat' dir='ltr'>nec</span> <span class='ocrx_word' id='word_1_179' title='bbox 1406 1911 1533 1941; x_wconf 83' lang='lat' dir='ltr'>tamen</span> <span class='ocrx_word' id='word_1_180' title='bbox 1560 1905 1673 1941; x_wconf 80' lang='lat' dir='ltr'>valde</span> 
     </span>
     <span class='ocr_line' id='line_1_23' title="bbox 293 1968 1673 2018; baseline -0.002 -12"><span class='ocrx_word' id='word_1_181' title='bbox 293 1973 418 2018; x_wconf 88' lang='lat' dir='ltr'>perite</span> <span class='ocrx_word' id='word_1_182' title='bbox 455 1971 639 2017; x_wconf 81' lang='lat' dir='ltr'>disputat.</span> <span class='ocrx_word' id='word_1_183' title='bbox 705 1970 801 2005; x_wconf 63' lang='lat' dir='ltr'>ham</span> <span class='ocrx_word' id='word_1_184' title='bbox 833 1969 910 2005; x_wconf 91' lang='lat' dir='ltr'>Dio</span> <span class='ocrx_word' id='word_1_185' title='bbox 946 1973 1016 2010; x_wconf 89' lang='grc'>60,</span> <span class='ocrx_word' id='word_1_186' title='bbox 1049 1971 1072 2003; x_wconf 86' lang='grc'><strong><em>5</em></strong></span> <span class='ocrx_word' id='word_1_187' title='bbox 1097 1980 1188 2004; x_wconf 77' lang='lat' dir='ltr'>sane</span> <span class='ocrx_word' id='word_1_188' title='bbox 1214 1970 1299 2004; x_wconf 84' lang='lat' dir='ltr'>sine</span> <span class='ocrx_word' id='word_1_189' title='bbox 1325 1968 1552 2016; x_wconf 83' lang='lat' dir='ltr'>exceptione</span> <span class='ocrx_word' id='word_1_190' title='bbox 1576 1968 1673 2003; x_wconf 86' lang='lat' dir='ltr'>dicit</span> 
     </span>
     <span class='ocr_line' id='line_1_24' title="bbox 294 2029 1671 2079; baseline -0.002 -10"><span class='ocrx_word' id='word_1_191' title='bbox 294 2033 372 2071; x_wconf 67' lang='grc' dir='ltr'>τοῖς</span> <span class='ocrx_word' id='word_1_192' title='bbox 396 2030 530 2079; x_wconf 70' lang='grc' dir='ltr'>ἀγῶνας</span> <span class='ocrx_word' id='word_1_193' title='bbox 554 2032 633 2069; x_wconf 73' lang='grc' dir='ltr'><strong><em>τοὺς</em></strong></span> <span class='ocrx_word' id='word_1_194' title='bbox 657 2031 884 2078; x_wconf 80' lang='grc' dir='ltr'><em>ὄπλομάχους</em></span> <span class='ocrx_word' id='word_1_195' title='bbox 909 2035 1094 2078; x_wconf 85' lang='lat' dir='ltr'>praetores</span> <span class='ocrx_word' id='word_1_196' title='bbox 1120 2030 1249 2065; x_wconf 81' lang='lat' dir='ltr'>facere</span> <span class='ocrx_word' id='word_1_197' title='bbox 1276 2029 1445 2072; x_wconf 85' lang='lat' dir='ltr'>vetitos;</span> <span class='ocrx_word' id='word_1_198' title='bbox 1479 2030 1584 2078; x_wconf 87' lang='lat' dir='ltr'>quod</span> <span class='ocrx_word' id='word_1_199' title='bbox 1607 2042 1671 2066; x_wconf 82' lang='lat' dir='ltr'>au-</span> 
     </span>
     <span class='ocr_line' id='line_1_25' title="bbox 296 2091 1674 2138; baseline 0 -11"><span class='ocrx_word' id='word_1_200' title='bbox 296 2100 372 2128; x_wconf 85' lang='lat' dir='ltr'>tem</span> <span class='ocrx_word' id='word_1_201' title='bbox 406 2094 692 2128; x_wconf 52' lang='lat' dir='ltr'>Fabriciusdc</span> <span class='ocrx_word' id='word_1_202' title='bbox 728 2093 868 2128; x_wconf 75' lang='lat' dir='ltr'>ceteris</span> <span class='ocrx_word' id='word_1_203' title='bbox 906 2092 1011 2127; x_wconf 90' lang='lat' dir='ltr'>ludis</span> <span class='ocrx_word' id='word_1_204' title='bbox 1049 2091 1279 2138; x_wconf 81' lang='lat' dir='ltr'>adscripsit,</span> <span class='ocrx_word' id='word_1_205' title='bbox 1312 2092 1459 2126; x_wconf 86' lang='lat' dir='ltr'>oblitus</span> <span class='ocrx_word' id='word_1_206' title='bbox 1494 2097 1577 2127; x_wconf 82' lang='lat' dir='ltr'>erat</span> <span class='ocrx_word' id='word_1_207' title='bbox 1613 2093 1674 2128; x_wconf 84' lang='lat' dir='ltr'>vir</span> 
     </span>
     <span class='ocr_line' id='line_1_26' title="bbox 295 2153 1673 2201; baseline 0 -12"><span class='ocrx_word' id='word_1_208' title='bbox 295 2155 498 2201; x_wconf 78' lang='lat' dir='ltr'>egregius,</span> <span class='ocrx_word' id='word_1_209' title='bbox 522 2155 564 2189; x_wconf 88' lang='lat' dir='ltr'>in</span> <span class='ocrx_word' id='word_1_210' title='bbox 588 2155 638 2188; x_wconf 89' lang='lat' dir='ltr'>iis</span> <span class='ocrx_word' id='word_1_211' title='bbox 665 2154 791 2195; x_wconf 84' lang='lat' dir='ltr'>ludis,</span> <span class='ocrx_word' id='word_1_212' title='bbox 820 2166 942 2200; x_wconf 83' lang='lat' dir='ltr'>quos,</span> <span class='ocrx_word' id='word_1_213' title='bbox 969 2153 1063 2188; x_wconf 87' lang='lat' dir='ltr'>olim</span> <span class='ocrx_word' id='word_1_214' title='bbox 1090 2153 1222 2187; x_wconf 79' lang='lat' dir='ltr'>liherae</span> <span class='ocrx_word' id='word_1_215' title='bbox 1248 2153 1474 2199; x_wconf 80' lang='lat' dir='ltr'>reipublicae</span> <span class='ocrx_word' id='word_1_216' title='bbox 1501 2158 1673 2200; x_wconf 87' lang='lat' dir='ltr'>tempore</span> 
     </span>
     <span class='ocr_line' id='line_1_27' title="bbox 296 2214 1671 2262; baseline 0 -12"><span class='ocrx_word' id='word_1_217' title='bbox 296 2216 341 2250; x_wconf 77' lang='lat' dir='ltr'>ab</span> <span class='ocrx_word' id='word_1_218' title='bbox 371 2215 547 2250; x_wconf 76' lang='lat' dir='ltr'>aedilibus</span> <span class='ocrx_word' id='word_1_219' title='bbox 574 2215 712 2257; x_wconf 76' lang='lat' dir='ltr'>raetos,</span> <span class='ocrx_word' id='word_1_220' title='bbox 735 2220 870 2262; x_wconf 85' lang='lat' dir='ltr'>postea</span> <span class='ocrx_word' id='word_1_221' title='bbox 893 2219 1078 2262; x_wconf 82' lang='lat' dir='ltr'>praetores</span> <span class='ocrx_word' id='word_1_222' title='bbox 1103 2214 1215 2249; x_wconf 84' lang='lat' dir='ltr'>edere</span> <span class='ocrx_word' id='word_1_223' title='bbox 1245 2220 1541 2258; x_wconf 81' lang='lat' dir='ltr'>consueverant,</span> <span class='ocrx_word' id='word_1_224' title='bbox 1586 2215 1671 2251; x_wconf 90' lang='lat' dir='ltr'>nul-</span> 
     </span>
     <span class='ocr_line' id='line_1_28' title="bbox 296 2275 1669 2324; baseline -0.002 -12"><span class='ocrx_word' id='word_1_225' title='bbox 296 2278 354 2312; x_wconf 86' lang='lat' dir='ltr'>los</span> <span class='ocrx_word' id='word_1_226' title='bbox 391 2277 513 2312; x_wconf 88' lang='lat' dir='ltr'>fuisse</span> <span class='ocrx_word' id='word_1_227' title='bbox 549 2277 806 2324; x_wconf 76' lang='lat' dir='ltr'>gladiatores,</span> <span class='ocrx_word' id='word_1_228' title='bbox 843 2276 1018 2311; x_wconf 88' lang='lat' dir='ltr'>scenicos</span> <span class='ocrx_word' id='word_1_229' title='bbox 1056 2280 1094 2311; x_wconf 84' lang='lat' dir='ltr'>et</span> <span class='ocrx_word' id='word_1_230' title='bbox 1133 2275 1327 2310; x_wconf 85' lang='lat' dir='ltr'>circenses</span> <span class='ocrx_word' id='word_1_231' title='bbox 1364 2288 1495 2312; x_wconf 87' lang='lat' dir='ltr'>omnes</span> <span class='ocrx_word' id='word_1_232' title='bbox 1535 2277 1669 2313; x_wconf 87' lang='lat' dir='ltr'>fuisse.</span> 
     </span>
     <span class='ocr_line' id='line_1_29' title="bbox 296 2338 1672 2387; baseline 0.001 -15"><span class='ocrx_word' id='word_1_233' title='bbox 296 2339 493 2374; x_wconf 66' lang='lat' dir='ltr'>VVeherus</span> <span class='ocrx_word' id='word_1_234' title='bbox 516 2340 671 2387; x_wconf 81' lang='lat' dir='ltr'>quidem</span> <span class='ocrx_word' id='word_1_235' title='bbox 692 2340 872 2374; x_wconf 86' lang='lat' dir='ltr'>ludorum</span> <span class='ocrx_word' id='word_1_236' title='bbox 896 2350 1037 2385; x_wconf 83' lang='lat' dir='ltr'>genera</span> <span class='ocrx_word' id='word_1_237' title='bbox 1064 2350 1223 2385; x_wconf 88' lang='lat' dir='ltr'>prorsus</span> <span class='ocrx_word' id='word_1_238' title='bbox 1249 2349 1329 2373; x_wconf 86' lang='lat' dir='ltr'>non</span> <span class='ocrx_word' id='word_1_239' title='bbox 1358 2338 1577 2385; x_wconf 74' lang='lat' dir='ltr'>distinguit,</span> <span class='ocrx_word' id='word_1_240' title='bbox 1605 2339 1672 2387; x_wconf 83' lang='lat' dir='ltr'>qui</span> 
     </span>
     <span class='ocr_line' id='line_1_30' title="bbox 299 2400 1672 2448; baseline 0 -13"><span class='ocrx_word' id='word_1_241' title='bbox 299 2406 567 2448; x_wconf 81' lang='lat' dir='ltr'>argumentum</span> <span class='ocrx_word' id='word_1_242' title='bbox 599 2401 714 2435; x_wconf 81' lang='lat' dir='ltr'>ducat</span> <span class='ocrx_word' id='word_1_243' title='bbox 739 2412 784 2435; x_wconf 79' lang='lat' dir='ltr'>ex</span> <span class='ocrx_word' id='word_1_244' title='bbox 810 2400 888 2436; x_wconf 83' lang='lat' dir='ltr'>Sat.</span> <span class='ocrx_word' id='word_1_245' title='bbox 916 2400 986 2441; x_wconf 86' lang='lat' dir='ltr'>xl,</span> <span class='ocrx_word' id='word_1_246' title='bbox 1015 2403 1082 2434; x_wconf 87' lang='lat'>193</span> <span class='ocrx_word' id='word_1_247' title='bbox 1109 2412 1205 2447; x_wconf 70' lang='lat' dir='ltr'>sqq.⁹</span> <span class='ocrx_word' id='word_1_248' title='bbox 1231 2400 1300 2434; x_wconf 89' lang='lat' dir='ltr'>ubi</span> <span class='ocrx_word' id='word_1_249' title='bbox 1323 2400 1578 2447; x_wconf 82' lang='lat' dir='ltr'>Megalenses,</span> <span class='ocrx_word' id='word_1_250' title='bbox 1605 2401 1672 2448; x_wconf 87' lang='lat' dir='ltr'>qui</span> 
     </span>
     <span class='ocr_line' id='line_1_31' title="bbox 297 2450 1616 2508; baseline -0.001 -11"><span class='ocrx_word' id='word_1_251' title='bbox 297 2463 490 2497; x_wconf 74' lang='lat' dir='ltr'>circenses</span> <span class='ocrx_word' id='word_1_252' title='bbox 521 2467 642 2503; x_wconf 79' lang='lat' dir='ltr'>erant,</span> <span class='ocrx_word' id='word_1_253' title='bbox 670 2450 933 2504; x_wconf 75' lang='lat' dir='ltr'>nominantur,</span> <span class='ocrx_word' id='word_1_254' title='bbox 960 2461 1007 2497; x_wconf 88' lang='lat' dir='ltr'>de</span> <span class='ocrx_word' id='word_1_255' title='bbox 1032 2461 1310 2508; x_wconf 81' lang='lat' dir='ltr'>gladiatoribus</span> <span class='ocrx_word' id='word_1_256' title='bbox 1336 2461 1436 2497; x_wconf 86' lang='lat' dir='ltr'>nihil</span> <span class='ocrx_word' id='word_1_257' title='bbox 1460 2462 1616 2497; x_wconf 85' lang='lat' dir='ltr'>dicitur.</span> 
     </span>
    </p>

    <p class='ocr_par' dir='ltr' id='par_1_4' title="bbox 234 2514 1672 2753">
     <span class='ocr_line' id='line_1_32' title="bbox 234 2514 1671 2568; baseline 0.001 -11"><span class='ocrx_word' id='word_1_258' title='bbox 234 2526 265 2567; x_wconf 79' lang='lat'>¹)</span> <span class='ocrx_word' id='word_1_259' title='bbox 296 2523 411 2568; x_wconf 82' lang='lat' dir='ltr'>[Mire</span> <span class='ocrx_word' id='word_1_260' title='bbox 442 2523 692 2559; x_wconf 72' lang='lat' dir='ltr'>Heinrichius</span> <span class='ocrx_word' id='word_1_261' title='bbox 717 2524 860 2568; x_wconf 74' lang='lat' dir='ltr'>funera</span> <span class='ocrx_word' id='word_1_262' title='bbox 887 2538 982 2566; x_wconf 81' lang='lat' dir='ltr'>sua,</span> <span class='ocrx_word' id='word_1_263' title='bbox 1013 2524 1123 2559; x_wconf 88' lang='lat' dir='ltr'>nullo</span> <span class='ocrx_word' id='word_1_264' title='bbox 1154 2514 1451 2566; x_wconf 41' lang='lat' dir='ltr'>addito&#39;vcrbo,</span> <span class='ocrx_word' id='word_1_265' title='bbox 1474 2526 1591 2560; x_wconf 66' lang='lat' dir='ltr'>vittam</span> <span class='ocrx_word' id='word_1_266' title='bbox 1610 2524 1671 2558; x_wconf 85' lang='lat' dir='ltr'>&#39;in-</span> 
     </span>
     <span class='ocr_line' id='line_1_33' title="bbox 300 2585 1672 2632; baseline 0.001 -15"><span class='ocrx_word' id='word_1_267' title='bbox 300 2590 541 2631; x_wconf 78' lang='lat' dir='ltr'>ter-pretatur.</span> <span class='ocrx_word' id='word_1_268' title='bbox 589 2586 633 2621; x_wconf 85' lang='lat' dir='ltr'>G.</span> <span class='ocrx_word' id='word_1_269' title='bbox 660 2585 704 2620; x_wconf 83' lang='lat' dir='ltr'>E.</span> <span class='ocrx_word' id='word_1_270' title='bbox 726 2585 877 2621; x_wconf 35' lang='lat' dir='ltr'>&amp;Veher</span> <span class='ocrx_word' id='word_1_271' title='bbox 903 2587 976 2621; x_wconf 84' lang='lat' dir='ltr'>etsi</span> <span class='ocrx_word' id='word_1_272' title='bbox 1002 2591 1108 2621; x_wconf 88' lang='lat' dir='ltr'>recte</span> <span class='ocrx_word' id='word_1_273' title='bbox 1134 2585 1341 2627; x_wconf 71' lang='lat' dir='ltr'>intellexit,</span> <span class='ocrx_word' id='word_1_274' title='bbox 1369 2597 1523 2632; x_wconf 82' lang='lat' dir='ltr'>operam</span> <span class='ocrx_word' id='word_1_275' title='bbox 1549 2596 1672 2620; x_wconf 82' lang='lat' dir='ltr'>sccnae</span> 
     </span>
     <span class='ocr_line' id='line_1_34' title="bbox 297 2645 1672 2694; baseline 0.003 -16"><span class='ocrx_word' id='word_1_276' title='bbox 297 2645 460 2679; x_wconf 81' lang='lat' dir='ltr'>locatam</span> <span class='ocrx_word' id='word_1_277' title='bbox 495 2647 607 2681; x_wconf 77' lang='lat' dir='ltr'>etiam</span> <span class='ocrx_word' id='word_1_278' title='bbox 641 2646 705 2681; x_wconf 85' lang='lat' dir='ltr'>hic</span> <span class='ocrx_word' id='word_1_279' title='bbox 740 2647 975 2693; x_wconf 73' lang='lat' dir='ltr'>significari,</span> <span class='ocrx_word' id='word_1_280' title='bbox 1017 2653 1143 2683; x_wconf 76' lang='lat' dir='ltr'>tamen</span> <span class='ocrx_word' id='word_1_281' title='bbox 1172 2647 1285 2682; x_wconf 80' lang='lat' dir='ltr'>verba</span> <span class='ocrx_word' id='word_1_282' title='bbox 1319 2648 1402 2694; x_wconf 82' lang='lat' dir='ltr'>ipsa</span> <span class='ocrx_word' id='word_1_283' title='bbox 1436 2660 1507 2681; x_wconf 80' lang='lat' dir='ltr'>sua</span> <span class='ocrx_word' id='word_1_284' title='bbox 1529 2646 1672 2692; x_wconf 72' lang='lat' dir='ltr'>funcra</span> 
     </span>
     <span class='ocr_line' id='line_1_35' title="bbox 299 2707 796 2753; baseline 0.008 -14"><span class='ocrx_word' id='word_1_285' title='bbox 299 2707 586 2743; x_wconf 73' lang='lat' dir='ltr'>comm-tissime</span> <span class='ocrx_word' id='word_1_286' title='bbox 621 2711 796 2753; x_wconf 66' lang='lat' dir='ltr'>enarrat]</span> 
     </span>
    </p>

    <p class='ocr_par' dir='ltr' id='par_1_5' title="bbox 229 2768 1670 2879">
     <span class='ocr_line' id='line_1_36' title="bbox 229 2768 1670 2817; baseline 0.001 -15"><span class='ocrx_word' id='word_1_287' title='bbox 229 2769 263 2810; x_wconf 68' lang='lat'>²)</span> <span class='ocrx_word' id='word_1_288' title='bbox 309 2768 456 2803; x_wconf 80' lang='lat' dir='ltr'>Celsum</span> <span class='ocrx_word' id='word_1_289' title='bbox 479 2776 678 2814; x_wconf 62' lang='lat' dir='ltr'>puriorem</span> <span class='ocrx_word' id='word_1_290' title='bbox 713 2770 887 2817; x_wconf 82' lang='lat' dir='ltr'>plerique</span> <span class='ocrx_word' id='word_1_291' title='bbox 924 2771 964 2806; x_wconf 85' lang='grc' dir='ltr'>Ρ.</span> <span class='ocrx_word' id='word_1_292' title='bbox 991 2771 1210 2806; x_wconf 84' lang='lat' dir='ltr'>Iuventium</span> <span class='ocrx_word' id='word_1_293' title='bbox 1237 2769 1393 2805; x_wconf 83' lang='lat' dir='ltr'>Celsum</span> <span class='ocrx_word' id='word_1_294' title='bbox 1419 2768 1670 2804; x_wconf 86' lang='lat' dir='ltr'>iurisconsul-</span> 
     </span>
     <span class='ocr_line' id='line_1_37' title="bbox 299 2829 1669 2879; baseline 0.001 -17"><span class='ocrx_word' id='word_1_295' title='bbox 299 2834 377 2863; x_wconf 80' lang='lat' dir='ltr'>tum</span> <span class='ocrx_word' id='word_1_296' title='bbox 403 2829 640 2878; x_wconf 70' lang='lat' dir='ltr'>intelligunt.</span> <span class='ocrx_word' id='word_1_297' title='bbox 672 2843 796 2879; x_wconf 74' lang='lat' dir='ltr'>quem,</span> <span class='ocrx_word' id='word_1_298' title='bbox 821 2832 949 2868; x_wconf 76' lang='lat' dir='ltr'>nescio</span> <span class='ocrx_word' id='word_1_299' title='bbox 983 2833 1083 2868; x_wconf 89' lang='lat' dir='ltr'>unde</span> <span class='ocrx_word' id='word_1_300' title='bbox 1111 2835 1216 2879; x_wconf 83' lang='lat' dir='ltr'>(uam</span> <span class='ocrx_word' id='word_1_301' title='bbox 1245 2844 1312 2879; x_wconf 80' lang='lat' dir='ltr'>ego</span> <span class='ocrx_word' id='word_1_302' title='bbox 1340 2830 1485 2867; x_wconf 75' lang='lat' dir='ltr'>nullam</span> <span class='ocrx_word' id='word_1_303' title='bbox 1509 2843 1669 2879; x_wconf 75' lang='lat' dir='ltr'>prorsus</span> 
     </span>
    </p>
   </div>
  </div>
 </body>
</html>
