1821 3309
1435 203 1537 252 359

136 352 274 392 tentia
303 349 532 407 probibet3
581 350 693 391 unde
729 352 860 392 etiam
894 350 1003 392 illud
1032 358 1228 406 apparet,
1263 361 1339 404 pro
1369 346 1607 389 seu-cedent

135 441 211 472 aut
241 445 301 471 ex
329 428 556 471 nonnullis
587 429 809 471 codicibus
841 439 884 472 et
917 428 1138 471 veteribus
1171 426 1438 469 editionibus
1474 441 1602 468 revo-

136 509 320 552 candum
351 523 449 551 esse
478 509 718 550 succedunt
746 518 834 560 aut,
867 510 980 565 quod
1013 509 1150 551 multo
1187 516 1382 564 praestat,
1410 521 1468 548 ex
1502 521 1599 548 suc-

136 589 314 640 cedere,
356 589 470 645 quod
511 599 599 630 tres
649 590 942 645 antiquissimi
980 588 1082 631 libri
1115 586 1310 638 habent,
1351 586 1600 628 faciendum

137 683 235 710 esse
266 683 525 710 successere.
600 669 717 711 Ante
750 667 887 710 multa
917 671 1032 710 enim
1061 667 1212 709 secula
1244 666 1402 707 litterae
1424 665 1474 715 s,
1511 681 1550 717 v,
1575 681 1601 720 q

135 763 161 789 a
191 747 363 790 Latinis
409 758 596 804 receptae
636 758 760 790 erant
801 757 844 790 et
882 750 927 790 in
973 748 1117 791 locum
1151 746 1403 789 Graecarum
1434 745 1600 787 dulcio-

133 815 230 870 rum
260 837 576 870 successerant.

244 907 440 950 Maiores
482 907 632 950 turbas
676 907 877 965 neglecta
917 908 1138 950 distinctio
1175 906 1314 948 movit
1349 906 1393 945 in
1426 903 1602 954 Quinti-

134 987 242 1031 liani
274 987 388 1030 libro
421 988 516 1041 XI,
551 990 606 1040 3,
635 990 720 1040 40,
764 1003 890 1045 quem
924 988 1066 1030 locum
1103 1001 1233 1043 quum
1269 986 1438 1040 priores
1473 987 1606 1024 inter·

132 1078 278 1123 pretes
308 1083 461 1110 secure
496 1070 769 1118 transissent,
803 1067 1112 1124 Spaldingiuiu
1144 1066 1372 1106 sententian
1410 1065 1606 1118 pravitas

137 1163 224 1190 non
254 1147 439 1196 fefellit3
480 1148 554 1188 sed
601 1161 695 1202 quae
737 1149 773 1188 is
807 1147 1064 1203 disputavit,
1097 1147 1150 1187 iis
1180 1143 1309 1186 facile
1345 1141 1608 1193 carebimus,

135 1231 173 1271 si
202 1231 264 1270 ita
293 1229 727 1284 inter-punxerimus:
762 1227 930 1268 Ornata
962 1233 1030 1268 eser
1056 1226 1377 1281 pronuntiatio,
1409 1227 1483 1263 cue*
1511 1221 1605 1271 suf-

120 1309 347 1366 fragatur
376 1320 466 1350 vox
481 1306 666 1357 facilis,
701 1321 878 1363 magua,
910 1307 1055 1358 beuta,
1069 1303 1314 1359 flexibili-⁹,
1329 1302 1484 1353 firma,
1511 1302 1607 1343 ‹lul-

134 1393 213 1441 οὐ,
240 1387 471 1439 durabiles,
502 1387 642 1437 clara,
677 1400 814 1441 pura,
852 1401 1006 1428 secans
1031 1392 1142 1428 αένα
1172 1390 1217 1426 et
1244 1381 1425 1424 auribus
1451 1382 1606 1423 sedens

135 1470 223 1522 (est
254 1472 367 1510 enim
397 1467 593 1523 quoedom
637 1466 696 1507 ad
724 1467 921 1508 auditum
954 1465 1278 1508 accommodata
1313 1476 1397 1503 nou
1432 1466 1602 1517 maregni-

132 1549 316 1600 tudiae,
372 1546 452 1588 sed
485 1550 807 1601 proprietate),
852 1547 913 1588 ad
953 1546 1034 1588 ltoc
1070 1547 1188 1588 velut
1229 1541 1478 1585 tractabiles
1522 1547 1606 1583 ele.

133 1627 299 1673 Verbis
330 1626 438 1678 illis,
471 1641 565 1683 quae
600 1641 625 1668 a
659 1628 815 1668 ceteris
849 1629 1170 1684 separavimus,
1204 1621 1508 1674 Quintilianus
1537 1623 1605 1662 in-

133 1709 264 1760 dicat,
297 1722 372 1750 cur
403 1721 429 1748 a
456 1721 618 1763 magna
657 1716 700 1747 et
734 1705 863 1748 beata
896 1722 1002 1749 voce
1033 1707 1282 1748 seiunxerit
1317 1706 1496 1757 claram,
1526 1721 1606 1762 pu-

131 1803 242 1841 ram,
276 1794 379 1829 aera
411 1797 630 1829 secantem
668 1796 710 1828 et
741 1786 920 1828 auribus
952 1788 1204 1836 sedentem;
1248 1800 1346 1827 esse
1379 1788 1494 1827 enim
1528 1800 1605 1842 ge-

133 1883 216 1912 nus
263 1867 478 1925 quoddam
526 1868 673 1919 vocis,
713 1867 827 1923 quod
869 1882 953 1908 non
997 1876 1083 1909 tam
1130 1867 1431 1923 magnitudine
1475 1880 1606 1922 quam

131 1950 400 2006 proprietate
423 1946 651 1988 excellens
675 1946 856 1988 auribus
878 1961 926 1988 se
951 1949 1143 1988 insinuet
1167 1956 1210 1988 et
1235 1946 1420 1996 haereat;
1446 1946 1604 1987 deinde

133 2039 304 2072 ceteras
342 2028 464 2069 vocis
510 2029 696 2068 virtutes
728 2041 986 2068 enumerare
1037 2029 1199 2083 pergit.
1267 2025 1379 2068 Tam
1418 2027 1471 2068 ad
1504 2040 1603 2081 spe-

133 2112 243 2152 ciem
276 2122 414 2164 parva
443 2121 514 2148 res
545 2106 744 2158 obstitit,
790 2121 843 2148 ne
879 2109 947 2149 vir
976 2109 1183 2163 egregius
1226 2121 1376 2148 verum
1419 2107 1606 2147 videret.

132 2189 264 2247 Apud
294 2186 510 2231 Rutilium
540 2186 710 2242 Lupum
743 2203 785 2243 p.
821 2189 904 2228 112
939 2186 1114 2229 Ruhnk.
1149 2186 1239 2228 haec
1273 2201 1297 2227 e
1328 2186 1474 2241 Lysiae
1506 2200 1603 2228 ora-

133 2271 253 2312 tione
299 2267 448 2323 aliqua
490 2266 703 2308 translata
733 2266 963 2324 leguntur:
1013 2265 1192 2316 Quoeres
1223 2282 1250 2307 a
1282 2280 1362 2317 me,
1394 2280 1476 2321 quo
1508 2270 1606 2307 iure

134 2349 332 2393 oblinere
357 2351 535 2403 possim,
566 2361 648 2402 quo
678 2351 777 2388 iure
807 2346 915 2388 milae
944 2348 1176 2401 Polyoeuus
1208 2347 1402 2401 reliquit,
1439 2351 1605 2400 proelor

136 2429 262 2478 dedit
284 2430 617 2484 possessionem.
675 2425 725 2467 In
758 2425 826 2467 his
857 2425 1149 2468 Ruhnkenius
1179 2426 1322 2466 notari
1347 2424 1470 2466 iubet
1503 2439 1607 2466 con-

131 2508 318 2555 iunctivi
348 2514 391 2548 et
414 2505 644 2547 indicativi
669 2507 1019 2547 coniunctionem
1051 2506 1095 2545 in
1119 2505 1464 2561 interrogatione
1493 2518 1602 2560 pen-

134 2589 254 2631 denti
286 2586 526 2641 eodemque
561 2585 769 2642 exemplo
812 2599 914 2627 usus
956 2594 1022 2626 est
1050 2583 1306 2626 Husehkius
1345 2584 1398 2626 ad
1431 2583 1606 2626 Tibull.

132 2668 170 2720 l,
201 2670 245 2719 7,
273 2669 329 2709 22
359 2682 401 2722 p.
433 2667 515 2707 195
542 2664 720 2722 [postea
750 2664 868 2722 alii].
926 2663 1119 2716 Vellem,
1151 2666 1312 2706 certius
1343 2665 1601 2721 exemplum

133 2750 399 2803 posuissent,
443 2747 480 2788 si
514 2746 643 2788 modo
674 2746 715 2787 id
753 2746 935 2801 reperiri
966 2754 1163 2800 poterat3
1195 2744 1351 2787 Rutilii
1385 2744 1508 2787 locus
1538 2746 1600 2786 sic

135 2827 508 2883 interpungendus
539 2835 626 2869 est:
666 2825 844 2875 Quoeres
875 2840 903 2867 α
928 2839 1010 2876 me,
1041 2839 1123 2881 quo
1158 2830 1255 2867 iure
1278 2824 1473 2868 obtinere
1497 2839 1597 2880 pns-
