1821 3309
278 227 377 281 196

210 368 368 414 divelli
395 367 503 411 illa:
541 366 734 410 Tandem
766 369 914 422 aperit
943 367 1106 408 vultum
1139 365 1220 422 ᾦα.
1279 365 1434 424 Itaque
1465 380 1544 418 ea,
1587 381 1684 425 quae

207 449 468 505 interposita
509 456 626 498 sunt,
667 447 792 488 reiici
831 445 988 488 volunt
1031 454 1107 487 aut
1147 454 1248 502 post
1280 460 1458 488 versum
1491 447 1576 489 470
1608 456 1685 490 aut

207 539 309 587 post
342 545 385 573 v.
417 530 516 570 473.
580 527 732 568 Priore
773 524 871 567 loco
914 528 1083 567 nexum
1128 540 1215 567 non
1263 527 1408 568 minus
1443 524 1686 570 turbabunt

207 610 301 652 haec
331 609 578 658 interiecta,
611 606 854 662 posteriore
883 604 1095 661 languide
1127 605 1415 648 adhaerebunt
1448 614 1551 662 post
1579 620 1682 662 gra-

208 689 435 730 vissimam
478 685 749 727 clausulam:
782 682 940 733 facies
972 684 1145 725 dicetur
1178 699 1236 726 cm
1267 686 1426 726 ulcus?
1460 684 1683 726 Praeterea

206 782 294 810 non
322 767 469 809 omnia
499 765 567 806 illi
601 763 877 805 incommoda
919 763 1138 804 viderunt.
1207 763 1307 813 Quo
1348 764 1466 805 enim
1493 764 1683 806 refertur

205 847 317 889 illud
346 846 545 897 Interea,
577 843 690 900 quod
721 844 848 884 initio
877 857 918 883 v.
945 843 1027 882 461
1051 841 1215 898 legitur
1231 842 1248 883 Ξ
1281 842 1513 885 Praecessit
1541 844 1683 899 enim}

206 925 542 970 Intolerabilius
565 922 686 985 ⁸'nihil
708 928 775 963 est
793 936 919 977 quam
943 920 1127 971 femina
1162 922 1298 962 dives.
1319 922 1352 976 ¹)
1417 921 1567 979 Atque
1599 922 1684 965 hoc

208 1007 352 1061 ipsum
385 1002 664 1053 vocabulum,
709 1015 803 1057 quae
837 1003 894 1041 sit
925 1000 1008 1042 hoc
1042 1000 1139 1042 loco
1175 1000 1292 1041 facta
1323 1002 1609 1057 transpositio
1640 1010 1686 1043 et

208 1085 305 1139 quis
338 1097 469 1125 verus
501 1095 707 1122 versuum
740 1080 845 1121 ordo
874 1082 945 1131 sit,
966 1081 1241 1134 apertissime
1266 1080 1549 1123 demonstrat.
1609 1081 1684 1123 Sic

207 1163 324 1203 enim
358 1162 590 1203 decurrere
626 1161 764 1201 oratio
802 1158 947 1211 debet,
990 1160 1126 1199 ternis
1161 1158 1365 1200 versibus
1401 1158 1549 1201 sedem
1586 1173 1681 1216 per-

207 1239 503 1283 mutantibus:

475 1318 545 1359 Ad
565 1316 793 1358 moechum
815 1318 963 1357 veniet
979 1316 1071 1357 lota
1089 1325 1201 1357 cute.
1254 1316 1440 1366 Quando
1461 1316 1601 1359 videri

471 1395 584 1438 Vult
601 1396 793 1437 formosa
814 1396 930 1436 domi
948 1395 959 1435 ἶ
991 1394 1193 1437 Moechis
1213 1395 1368 1436 foliata
1385 1403 1618 1451 parantum

473 1475 557 1517 His
579 1477 752 1526 emitur,
771 1475 978 1531 quidquid
999 1475 1189 1530 graciles
1211 1475 1296 1517 huc
1314 1475 1486 1516 mittitis
1509 1473 1620 1516 Indi.

475 1554 652 1597 Interea
671 1555 800 1596 foeda
821 1563 1001 1609 aspectu
1023 1554 1292 1609 ridendaque
1310 1552 1448 1595 multo

474 1634 594 1676 Pane
614 1642 751 1675 tumet
771 1634 922 1685 facies,
941 1642 1016 1674 aut
1032 1635 1214 1689 pinguia
1231 1633 1480 1689 Poppaeana

475 1715 638 1769 Spirat,
664 1722 705 1754 et
722 1712 822 1754 hinc
840 1714 989 1754 miseri
1013 1713 1236 1754 viscantur
1256 1712 1377 1754 labra
1393 1712 1555 1753 mariti.

476 1791 677 1833 Tandem
712 1794 853 1847 aperit
889 1791 1058 1832 vultum
1089 1791 1167 1831 (stc.

202 1871 296 1913 lani
328 1879 444 1913 recta
478 1872 624 1912 onmia
655 1879 778 1912 sunt:
809 1869 998 1911 Moe-cho
1027 1885 1073 1911 se
1110 1877 1254 1916 ornat,
1288 1882 1374 1910 non
1406 1867 1525 1909 domi
1555 1881 1678 1909 mun-

202 1952 257 1992 da
300 1959 388 1999 est3
446 1949 618 1991 moechi
666 1964 798 1990 causa
842 1950 1037 2004 pretiosa
1084 1956 1281 1989 aromata
1328 1947 1457 1996 emit3
1511 1948 1681 1988 interea

202 2029 320 2071 domi
366 2028 497 2070 foedo
551 2037 757 2084 aspectu,
812 2027 937 2069 vultu
995 2026 1183 2069 obducto
1227 2035 1317 2078 est3
1370 2025 1545 2067 tandem
1598 2025 1679 2067 &c-

206 2106 406 2150 Similem
439 2121 647 2148 versuum
683 2108 1089 2162 transpositionem,
1137 2105 1216 2146 sed
1249 2106 1449 2154 duorum,
1485 2105 1680 2146 animad-

201 2193 431 2228 verterunt
473 2186 664 2226 editores
711 2193 753 2225 et
800 2192 1093 2225 correxerunt
1132 2197 1265 2237 supra
1309 2184 1353 2222 in
1403 2182 1485 2223 hac
1531 2183 1680 2224 satira.

201 2264 314 2307 Nam
352 2280 390 2306 v.
421 2266 521 2316 306,
551 2266 651 2314 307,
682 2264 767 2303 308
796 2263 840 2303 in
878 2261 1102 2303 codicibus
1135 2263 1197 2302 sic
1235 2269 1479 2317 ponuntur:

469 2342 490 2384 I
508 2357 622 2383 nunc
643 2350 686 2382 et
709 2340 875 2392 dubita,
894 2356 978 2397 qua
996 2340 1173 2381 sorbeat
1192 2346 1293 2381 aera
1321 2354 1460 2381 sanna

471 2420 640 2472 Tullia,
659 2421 760 2476 quid
780 2421 894 2461 dicat
916 2428 1028 2460 notae
1048 2418 1262 2460 collactea
1283 2418 1466 2470 Maurae,

469 2498 629 2541 Maura
652 2499 880 2541 Pu‘dicitiae
901 2508 1093 2540 veterem
1115 2512 1246 2553 quum
1264 2498 1456 2553 praeterit
1480 2510 1614 2538 atain.
1644 2503 1648 2507 '

200 2581 335 2622 Recte
378 2579 664 2621 Achaintrius
706 2588 749 2619 et
782 2579 1021 2634 Rupertius
1066 2578 1175 2618 duos
1216 2577 1484 2632 posteriores
1525 2572 1677 2615 sedem

200 2667 448 2715 permutare
469 2659 716 2706 iusserunt3
739 2665 889 2698 contra
915 2670 1023 2712 quos
1047 2656 1121 2711 qui
1144 2654 1401 2709 disputavit,
1424 2653 1473 2694 E.
1495 2650 1550 2693 G.
1569 2650 1680 2693 We·

226 2782 262 2824 2)
292 2780 448 2825 [Nescio
488 2781 582 2827 quid
610 2782 657 2816 ad
693 2782 792 2816 hanc
828 2781 1114 2824 difficultatem,
1151 2793 1235 2828 quae
1273 2790 1418 2816 summa
1445 2782 1514 2819 est,
1551 2787 1675 2812 remo-

292 2840 453 2876 vendam
489 2841 742 2877 Heinrichius
769 2843 946 2878 dicturus
969 2843 1100 2884 suerit,
1127 2843 1194 2888 qui
1221 2847 1368 2879 ceteras
1397 2842 1564 2888 ”genere
1582 2850 1675 2883 ‘1¹¹⁰-

293 2902 376 2939 dam
400 2902 670 2951 parenthesis''
699 2904 876 2950 expedire
903 2904 977 2939 sihi
1004 2904 1184 2947 videtum]
