1821 3309
280 200 346 250 74

216 350 378 389 mento,
409 341 450 379 in
486 349 569 393 quo
604 333 713 375 nihil
745 341 861 374 esset
892 333 1058 388 proprii
1086 333 1137 373 ad
1171 341 1335 373 certum
1370 333 1577 387 temporis
1604 347 1679 386 ge-

215 435 294 461 nus
339 414 698 472 significandum3
747 426 806 453 ex
855 426 965 467 quo,
1013 412 1093 452 hoc
1138 411 1356 452 elemento
1399 425 1494 452 cum
1534 410 1680 450 radice

214 500 468 546 coniuncto,
500 492 753 535 oriebantur
788 491 961 540 formae,
995 504 1089 545 quae
1125 505 1209 530 non
1244 499 1329 531 tam
1362 498 1478 531 certa
1514 497 1680 543 tempo-

213 592 305 618 rum
353 575 605 616 discrimina
646 570 888 610 indicarent
923 584 1050 624 quam
1083 569 1133 609 ad
1172 570 1211 609 id
1245 569 1434 625 aliquam
1469 567 1680 608 habereut

213 655 568 702 inclinationem3
611 663 758 703 eaeque
793 648 948 688 deinde
986 662 1064 687 usu
1102 656 1143 687 et
1175 648 1316 702 quod,
1366 661 1497 702 quum
1533 645 1680 701 plures

213 740 384 782 essent,
427 730 524 770 aliae
567 727 621 768 ab
662 726 761 766 aliis
805 725 1146 766 secernebantur
1189 740 1388 780 novaque
1417 723 1680 766 accedebant

214 810 430 851 elementa
464 806 603 861 (velut
634 807 675 845 in
709 805 872 844 aoristo
905 812 1203 858 augmentum,
1235 805 1277 843 in
1311 803 1564 844 Latinorum
1585 817 1679 857 per-

215 891 352 938 fecto,
396 886 509 942 quod
542 887 584 926 in
624 888 665 925 εἰ
689 883 828 932 cadit,
881 882 1211 922 terminationes
1255 884 1359 922 certi
1408 883 1582 936 generis
1626 881 1677 921 ad

215 980 423 1024 personas
457 974 498 1005 et
532 976 736 1004 iuuneros
768 959 1127 1015 significandos),
1156 970 1283 1001 certae
1318 959 1482 1001 fiebant
1514 968 1681 1014 tempo-

213 1061 305 1087 rum
326 1053 452 1085 notae.
513 1041 647 1083 Velut
681 1041 724 1080 id
756 1039 1036 1088 elementum,
1065 1039 1177 1093 quod
1212 1053 1324 1079 nunc
1360 1038 1455 1080 sola
1486 1039 1634 1079 littera
1660 1053 1679 1077 s

213 1131 396 1172 constat,
429 1117 969 1175 (verbumsubstantivum
1006 1118 1045 1157 id
1079 1131 1190 1167 esse,
1221 1119 1305 1158 iam
1342 1117 1415 1158 alii
1442 1118 1677 1169 viderunt‚)

214 1195 484 1245 adiunctum*
507 1200 558 1240 ad
604 1199 792 1239 radicem
836 1193 1053 1236 efficiebat
1086 1195 1295 1246 formam,
1331 1210 1425 1251 qua:
1457 1194 1678 1251 significa-

213 1284 375 1322 tionem
409 1278 588 1320 haberet
623 1275 812 1331 aliquam
846 1276 1030 1314 actionis
1066 1274 1280 1315 distinctae
1323 1274 1376 1315 ab
1418 1273 1518 1314 aliis
1549 1283 1591 1314 et
1625 1274 1677 1314 ad

213 1369 376 1402 certum
420 1366 462 1398 et
496 1370 627 1397 unum
660 1362 924 1394 momentum
960 1352 1137 1403 selune,
1172 1353 1283 1408 quod
1321 1368 1405 1393 non
1439 1352 1511 1403 fit,
1547 1366 1676 1407 quum

213 1440 382 1479 animus
413 1438 456 1476 in
488 1435 768 1491 praesentium
801 1431 1172 1486 contemplatione
1210 1431 1371 1479 haeret3
1404 1445 1553 1471 verum
1589 1430 1680 1470 haec

212 1518 350 1557 forma
391 1512 746 1570 significatioque
802 1524 880 1550 nec
926 1511 1061 1550 futuri
1107 1525 1185 1550 nec
1226 1511 1430 1565 praeteriti
1475 1517 1595 1559 erat,
1636 1517 1679 1548 et

210 1605 440 1651 utrumque
469 1602 612 1633 tamen
645 1604 704 1631 ex
738 1604 790 1629 ea
821 1590 933 1644 apud
969 1588 1144 1630 Graecos
1175 1597 1316 1630 ortum
1349 1597 1428 1631 est.
1509 1587 1679 1628 Planis-

210 1676 318 1715 sime
351 1681 442 1714 tota
472 1671 564 1711 llaec
596 1683 663 1709 res
694 1669 956 1722 perspicitur
987 1669 1031 1708 in
1067 1667 1232 1723 linguis
1264 1668 1412 1721 stirpis
1444 1667 1678 1717 Semiticae,

211 1753 321 1808 quod
369 1766 430 1792 eae
475 1752 519 1790 in
551 1747 640 1788 illis
673 1746 931 1787 rudimentis
968 1746 1203 1787 formarum
1237 1744 1543 1801 temporalium
1575 1744 1676 1786 sub-

210 1833 438 1879 stiterunt,
489 1841 627 1882 neque
660 1840 717 1865 ex
749 1825 888 1864 forma
923 1826 1063 1878 magis
1097 1838 1311 1878 expressa
1352 1833 1393 1863 et
1425 1824 1676 1864 accessione

210 1910 523 1951 elementorum
560 1914 685 1945 aucta
719 1902 902 1942 ulterius
934 1902 986 1942 ad
1019 1903 1222 1942 distincta
1245 1910 1442 1955 tempora
1473 1915 1675 1956 progres-

209 2002 265 2028 sae
303 1995 417 2027 sunt.
482 1985 711 2038 (Futurum
744 1980 848 2022 olim
886 1979 1192 2036 appellabant3
1243 1994 1355 2020 nunc
1387 1987 1582 2031 certant,
1630 1989 1677 2020 ut

211 2074 356 2121 aptum
404 2077 560 2104 nomen
614 2076 674 2102 ex
722 2075 807 2101 una
848 2059 996 2114 aliqua
1040 2067 1155 2100 certa
1204 2060 1381 2099 notione
1423 2059 1463 2098 ei
1504 2059 1568 2099 rei
1612 2059 1676 2098 in-

209 2144 413 2193 veniant,
467 2128 562 2196 quae
602 2148 692 2179 tota
733 2147 799 2178 est
842 2140 884 2178 in
927 2140 1093 2178 incerto
1139 2145 1296 2177 conatu
1339 2137 1523 2190 posita.)
1589 2136 1674 2175 Sed

211 2224 252 2263 in
271 2221 430 2261 Latina
461 2219 613 2274 lingua
641 2216 768 2257 aliter
787 2216 958 2263 cecidit,
995 2224 1124 2270 atque
1142 2217 1184 2255 in
1204 2213 1385 2262 Graeca;
1418 2228 1515 2254 nam
1540 2228 1673 2269 quum

210 2309 251 2340 et
278 2297 396 2345 faxo
429 2305 570 2345 esset,
602 2297 644 2337 id
681 2303 746 2335 est
779 2288 956 2348 πράξω,
1001 2303 1043 2334 et
1074 2297 1254 2347 scripsi,
1311 2293 1353 2332 id
1387 2300 1451 2332 est
1483 2293 1676 2347 ἔγραψα,

209 2388 352 2419 tamen
386 2390 527 2432 neque
560 2375 801 2431 perfectum
833 2374 876 2413 in
909 2372 1112 2413 omnibus
1148 2369 1292 2412 verbis
1325 2372 1388 2410 sic
1420 2378 1485 2410 est
1514 2384 1575 2410 ex
1608 2384 1673 2410 ra-

208 2457 303 2498 dice
346 2456 606 2504 deductum,
671 2452 746 2492 sed
791 2466 921 2506 quum
977 2460 1093 2491 esset
1136 2450 1247 2491 alter
1286 2456 1496 2502 praeterea
1546 2462 1675 2488 cona-

209 2546 276 2575 tus
312 2535 518 2589 praeteriti
550 2532 757 2586 temporis
789 2528 1094 2585 significandi,
1141 2530 1175 2567 is
1219 2529 1261 2566 in
1295 2526 1394 2567 aliis
1429 2525 1574 2566 verbis
1612 2527 1671 2565 ita

209 2621 273 2652 est
308 2612 524 2661 adscitus,
572 2618 614 2649 ut
662 2610 703 2648 in
746 2607 897 2663 lingua
932 2609 1014 2647 iam
1051 2607 1285 2647 constituta
1321 2612 1502 2657 utraque
1533 2603 1672 2643 forma

210 2690 321 2730 idem
375 2687 538 2728 valeret
585 2687 644 2739 (in
692 2700 776 2741 quo
825 2685 1062 2726 formarum
1106 2683 1341 2724 certamine
1385 2693 1478 2734 quae
1510 2680 1672 2721 fuerint

207 2780 434 2808 causarum
482 2772 725 2814 momenta,
778 2764 877 2818 qnid
924 2765 1067 2818 prius,
1128 2760 1228 2816 quid
1265 2766 1416 2814 postea
1450 2758 1669 2807 acciderit.

207 2860 319 2901 saepe
351 2845 511 2885 frustra
545 2843 809 2898 qua-rimus),
843 2856 981 2896 neque
1015 2841 1234 2888 futurum,
1267 2836 1378 2892 quod
1413 2837 1455 2877 in
1491 2851 1536 2877 so
1569 2837 1669 2877 exi-
