1821 3309
1429 213 1531 264 203

128 354 304 394 nomine
332 367 408 408 pro
441 352 650 410 exemplo
682 354 918 408 scriptores
954 354 1015 393 uti
1051 362 1273 410 appareat.
1333 354 1403 397 De
1434 370 1486 398 eo
1522 357 1600 398 ho-

129 433 244 473 mine
277 447 408 488 quum
442 432 532 474 alia
565 447 651 474 non
684 433 791 473 satis
818 441 1069 474 constanter
1100 433 1357 487 traduntur,
1402 444 1491 478 tum
1526 450 1601 478 no-

129 525 228 553 men
267 513 324 563 ei,
356 520 402 552 ut
433 511 545 561 dixi,
578 509 686 552 alibi
705 510 877 562 Licino,
908 509 1016 551 alibi
1050 510 1223 553 Licinio
1259 522 1343 564 est,
1378 514 1602 556 videntur·

127 605 210 646 que
253 590 455 632 nonnulli
500 598 630 646 atque
668 590 778 630 adeo
812 589 1009 646 plerique
1042 599 1274 647 utrumque
1309 606 1469 634 nomen
1503 608 1602 649 pro-

128 672 293 712 miscue
325 671 430 726 poni
461 678 641 726 putare,
676 669 790 725 quod
826 670 986 710 rationi
1019 679 1060 710 et
1095 672 1400 713 consuetudini
1432 672 1603 714 Latinae

127 763 307 804 prorsus
337 757 571 806 repugnat.
643 747 870 789 Iuvenalis
904 749 989 789 duo
1022 758 1123 790 sunt
1157 749 1260 803 loci,
1292 753 1411 807 prior
1448 753 1490 792 in
1523 759 1602 793 sat.

131 829 147 870 1
180 845 220 870 v.
262 831 357 881 109,
388 827 465 870 ubi
495 827 730 869 libertinus
761 826 1021 883 superbiens

758 907 872 963 Ego,
906 910 1065 961 inquit,
1099 908 1304 964 possideo
1336 908 1434 964 plus

396 985 598 1028 Pallante
634 993 676 1025 et
707 984 902 1035 Licinis3

130 1066 240 1108 alter
275 1067 318 1107 in
350 1066 486 1106 satira
517 1063 633 1106 XIV
668 1078 710 1104 ν.
739 1065 825 1104 305
855 1072 897 1104 et
930 1065 1035 1105 306:

397 1143 639 1199 Dispositis
671 1143 888 1197 pra-dives
919 1142 1061 1183 hamis
1097 1142 1285 1197 vigilare
1315 1143 1538 1186 cohortem

399 1223 639 1265 Servorum
673 1230 803 1262 noctu
835 1221 1017 1263 Licinus
1050 1220 1187 1263 iubet.
1216 1223 1248 1275 ¹)

133 1303 329 1346 Eundem
362 1303 542 1344 Persius
576 1302 772 1342 nominat
805 1302 848 1341 in
879 1310 959 1342 sat.
993 1302 1195 1343 secundat
1228 1316 1269 1343 v.
1303 1303 1380 1343 36:

398 1380 529 1422 Nunc
568 1380 711 1421 Licini
754 1381 797 1420 in
832 1394 1038 1435 campos,
1075 1395 1189 1423 nunc
1223 1379 1371 1422 Crassi
1400 1381 1530 1422 mittit
1565 1383 1607 1422 in

1342 1474 1493 1516 agros3

134 1538 208 1580 ubi
243 1540 350 1580 mire
383 1535 674 1580 Casaubonus
709 1537 762 1578 de
799 1545 950 1578 vetere
986 1536 1064 1578 illo
1097 1536 1272 1579 tribuno
1304 1538 1478 1580 Licinio
1511 1540 1609 1581 Sto·

134 1618 235 1660 lone
268 1619 459 1674 cogitat,
503 1620 627 1673 quasi
660 1618 756 1658 eius
789 1631 996 1672 agrorum
1030 1631 1264 1666 mensura,
1300 1620 1501 1674 quamvis
1530 1631 1610 1660 sua

133 1700 228 1753 ipse
260 1696 361 1754 lege
392 1697 622 1738 damnatus
652 1697 725 1747 sit,
757 1695 858 1736 huic
890 1697 1006 1736 aetati
1036 1695 1244 1752 optabilis
1269 1706 1311 1738 et
1342 1711 1437 1738 cum
1461 1695 1610 1739 Crassi

136 1775 302 1818 aedibus
344 1775 637 1831 comparanda
681 1776 775 1815 visa
816 1775 888 1814 sit.

244 1854 316 1896 Ad
346 1855 489 1896 Persii
519 1853 664 1896 locum
699 1852 962 1895 scholiastes
994 1853 1162 1909 profert
1196 1855 1468 1910 epigramma
1499 1855 1611 1897 Var-

135 1935 269 1985 ronis,
301 1941 348 1974 ut
379 1936 455 1985 ait,
505 1933 616 1988 quod
653 1934 817 1974 omisso
846 1934 1038 1973 auctoris
1070 1933 1246 1973 nomine
1276 1932 1445 1975 scholia
1479 1933 1612 1976 Cruc-

135 2015 296 2068 quiana
327 2013 380 2054 ad
413 2012 588 2054 Horatii
619 2011 676 2056 A.
707 2012 755 2053 Ρ.
790 2027 829 2052 ν.
859 2013 941 2052 301
976 2010 1247 2053 adscribunt:

402 2090 656 2133 Marmoreo
674 2090 856 2132 Licinus
887 2089 1055 2131 tumulo
1089 2092 1219 2142 iacet,
1249 2099 1294 2132 at
1322 2089 1431 2132 Cato
1460 2106 1611 2147 parvo,

403 2170 641 2227 Pompeius
673 2169 821 2218 nullo3
854 2171 950 2226 quis
983 2178 1103 2225 putet
1139 2183 1236 2211 esse
1268 2169 1404 2211 deos?

137 2249 202 2292 Ac
244 2249 461 2292 Varronis
507 2250 683 2306 quidem
715 2263 876 2290 nomen
909 2248 1039 2290 valde
1072 2257 1139 2290 est
1169 2247 1376 2300 dubium,
1408 2250 1612 2304 quoniam

137 2331 176 2370 is
207 2328 356 2378 homo,
384 2328 437 2370 de
469 2330 594 2371 cuius
629 2337 914 2370 monumento
946 2331 1142 2384 pretiosi
1179 2331 1323 2383 operis·
1364 2331 1439 2369 via
1483 2325 1615 2369 Sala·

139 2410 210 2447 ria
234 2419 378 2462 prope
406 2406 553 2449 urbem
595 2408 656 2449 ad
694 2408 928 2449 secundum
969 2406 1159 2461 lapidem
1193 2408 1465 2462 epigramma
1499 2419 1615 2448 com·

138 2485 331 2541 positum
363 2499 461 2527 esse
492 2485 754 2527 scholiastes
786 2485 932 2536 tradit,
961 2483 1126 2525 bonum
1155 2485 1423 2539 ceteroquin,
1458 2494 1505 2525 ut
1535 2498 1617 2540 ap-

138 2573 281 2620 paret,
316 2572 359 2605 et
385 2565 613 2621 copiosum
642 2572 865 2606 auctorem
900 2576 1102 2619 sequenS,
1128 2560 1191 2604 M.
1218 2562 1433 2605 Varronis
1466 2576 1617 2620 super-

171 2744 199 2783 ·)
232 2741 406 2789 Utroque
443 2743 528 2779 loco
566 2743 777 2791 nuper-tius
815 2742 862 2777 de
889 2746 1003 2789 gente
1034 2740 1184 2778 Licinia
1210 2747 1248 2778 et
1274 2740 1425 2777 Licinio
1448 2743 1614 2789 Augusti

233 2801 376 2840 liberto
402 2804 457 2841 ita
483 2805 671 2854 loquitur,
697 2811 742 2842 ut
771 2805 921 2843 diversa
948 2815 1032 2841 csse
1058 2805 1213 2840 nomina
1240 2803 1506 2843 obliviscatur.
