1821 3309
1452 192 1552 242 279

159 331 349 381 spicuam
382 334 460 374 est,
495 340 576 382 quo
603 342 780 384 quaeque
811 329 1022 380 discedat,
1058 344 1186 385 quum
1219 340 1331 371 esset
1364 332 1612 382 dz'scedam4

159 419 298 460 neque
332 406 444 446 enim
490 407 532 445 in
569 406 648 447 bac
678 406 985 448 distributione
1021 410 1217 463 genitivo
1253 412 1459 464 partitivo
1491 412 1616 453 femi·

160 484 249 524 nini
291 485 465 538 generis
508 483 599 524 ullo
641 486 766 524 modo
813 483 972 525 subiici
1009 496 1206 527 neutrum
1242 501 1417 543 qumque
1447 491 1613 544 potuit:

157 571 344 603 erratum
389 571 452 601 est
495 561 550 601 ob
593 564 841 616 proximum
889 562 1062 613 abeunt,
1108 566 1218 618 quod
1260 567 1311 606 ad
1348 575 1514 607 ceteras
1546 582 1614 609 res

155 640 353 681 refertur.

267 718 334 759 De
378 716 561 758 CATONE
603 719 708 758 satis
740 719 901 760 dictum
948 729 1026 761 est.
1092 719 1138 760 Id
1171 720 1346 761 LAELio
1384 720 1495 761 nihil
1538 722 1613 763 ha-

156 797 228 838 bui
271 798 372 837 novi
415 794 624 847 subsidii,
665 798 811 852 itaque
849 800 990 839 minus
1032 813 1146 854 saepe
1177 798 1238 839 ibi
1273 814 1297 839 a
1327 798 1492 840 Klotzii
1524 800 1614 840 edi-

153 877 271 916 tione
298 875 535 915 discessum
561 883 640 925 est,
669 877 737 925 (in
761 891 845 932 qua
867 878 1188 919 incommodum
1213 886 1294 928 est,
1322 878 1434 932 quod
1459 880 1609 933 optimi

152 954 327 1003 codicis,
363 952 567 1003 Cnidiam,
614 956 872 1009 scripturam
907 970 990 996 non
1023 959 1239 1011 integram
1274 956 1612 1011 cognoscimus,)

151 1040 194 1073 et
235 1042 377 1073 tamen
424 1046 553 1086 quum
597 1035 741 1072 omnia
785 1034 836 1073 ad
882 1035 1067 1085 codices,
1102 1036 1154 1074 de
1187 1048 1369 1089 quorum
1397 1034 1611 1087 scriptura

149 1109 390 1160 constabat,
436 1110 489 1149 de
531 1111 704 1164 integro
745 1119 919 1161 exacta,
960 1114 1091 1153 etiam
1132 1113 1312 1153 minima
1343 1111 1485 1166 (velut
1516 1114 1553 1162 ξ.
1584 1112 1610 1151 4

147 1190 388 1231 dinlt'ssffme
437 1200 574 1228 senex
628 1196 844 1229 retentum
897 1199 963 1230 est
1014 1190 1069 1230 ob
1124 1191 1423 1231 testimonium
1485 1189 1609 1230 codd.

147 1266 312 1309 Guelff.
353 1268 395 1306 iu
446 1267 565 1321 praef.
608 1267 712 1307 edit.
756 1265 999 1309 Beierianae
1044 1284 1083 1323 p.
1114 1268 1238 1323 VH),
1277 1278 1366 1309 tum
1413 1268 1608 1323 qua‘dam

146 1348 275 1388 etiam
309 1347 557 1387 coniectura
588 1346 830 1386 emendata.
890 1345 1017 1386 illius
1048 1349 1223 1400 generis
1251 1348 1485 1402 praecipua,
1517 1345 1607 1385 haec

145 1425 292 1465 omnia
319 1436 569 1478 persequar,
600 1424 636 1463 si
668 1424 787 1478 prius
817 1423 993 1471 dixero,
1029 1416 1097 1465 vel
1130 1426 1332 1479 optimOS,
1364 1425 1435 1479 qui
1469 1437 1607 1478 nuper

144 1501 328 1543 adhibiti
361 1509 475 1551 sunt,
510 1501 697 1550 codices,
730 1502 983 1557 integritate
1013 1503 1165 1544 cedere
1197 1505 1267 1553 iis,
1299 1516 1406 1558 quos
1437 1502 1608 1543 viderat

143 1579 243 1621 Car.
286 1580 496 1634 Laugius.
562 1577 715 1634 Neque
762 1581 876 1621 enim
923 1582 1149 1635 quisquam
1190 1590 1343 1636 postea
1384 1581 1426 1620 in
1459 1580 1606 1621 codice

144 1659 277 1709 vidit,
320 1657 432 1713 quod
476 1658 512 1696 is
555 1671 590 1697 c.
631 1658 658 1696 2
699 1659 736 1707 ξ.
780 1660 808 1698 9
855 1673 913 1699 ex
952 1658 1100 1699 Iacobi
1146 1659 1264 1700 Susii
1312 1657 1425 1698 libro
1472 1657 1607 1697 edidit

142 1750 379 1791 omnesque
424 1743 647 1775 tenemus:
692 1735 771 1775 secl
801 1735 849 1776 Ιιι·
884 1740 930 1776 in
956 1740 1125 1790 pueris,
1163 1735 1269 1777 Cato
1313 1744 1393 1777 etc.
1454 1735 1606 1790 Itaque

145 1814 271 1856 valde
304 1813 553 1868 expetenda
586 1820 652 1853 est
685 1812 857 1867 plenior
889 1815 1081 1870 cognitio
1119 1815 1280 1855 codicis
1314 1814 1607 1869 antiquissimi

143 1892 515 1948 Weingartensis,
557 1889 611 1931 ab
645 1889 816 1931 Orellio
852 1893 895 1931 in
941 1891 1127 1946 epistola
1172 1893 1224 1932 ad
1261 1907 1329 1932 me
1364 1893 1481 1944 (ante
1515 1889 1606 1931 Cic.

141 1970 281 2023 Orat.)
315 1985 355 2024 p.
385 1969 478 2011 XV
503 1970 848 2019 commemorati,
878 1970 916 2009 si
940 1969 1051 2009 forte
1075 1971 1112 2009 is
1139 1970 1191 2010 ad
1220 1969 1472 2024 Langianos
1504 1967 1605 2009 illos

140 2048 331 2098 accedat,
364 2048 436 2102 qui
468 2061 551 2101 quo
579 2047 852 2097 devenerint,
882 2060 967 2087 non
997 2055 1180 2088 constat.

251 2124 358 2178 Cap.
388 2126 429 2175 ⁸7,
472 2126 527 2164 23
567 2125 739 2165 videtur
773 2126 818 2165 in
852 2124 1053 2165 omnibus
1086 2123 1310 2166 codicibus
1341 2122 1448 2178 legi,
1491 2122 1604 2178 quod

142 2203 376 2245 edebatur-t
406 2215 464 2244 ea:
490 2201 831 2243 dissensionibus
858 2208 988 2257 utque
1010 2202 1245 2243 discordiis
1255 2204 1436 2256 percipi
1446 2205 1605 2255 potest.

141 2280 233 2322 Nec
264 2289 406 2322 tannen
438 2280 637 2322 dubitavi
664 2281 766 2321 huic
795 2280 892 2322 loco
920 2282 1103 2322 eandem
1132 2279 1340 2321 adhibere
1373 2279 1606 2320 correctio-

142 2373 239 2399 nem
272 2360 518 2413 (perspstz),
564 2373 692 2413 quam
724 2357 824 2398 aliis
867 2358 978 2399 locis
1018 2360 1102 2401 viri
1132 2358 1249 2399 docti
1292 2371 1352 2398 ex
1383 2354 1605 2397 codicibus

141 2435 451 2485 adhibuerunt,
482 2435 606 2476 velut
637 2436 689 2475 de
720 2434 861 2490 Legg.
893 2438 916 2475 1
949 2438 987 2486 ξ.
1020 2437 1104 2485 513
1138 2435 1249 2475 nihil
1280 2442 1344 2475 est
1377 2434 1492 2474 enim
1520 2433 1605 2473 fre-

142 2516 345 2570 quentius
402 2513 659 2555 confusione
714 2511 867 2553 horum
925 2511 1172 2555 verborum,
1247 2512 1476 2567 Perceptio
1535 2510 1605 2551 hic

143 2592 267 2633 nulla
316 2591 588 2648 significatur
631 2591 859 2631 sententiae
898 2591 1020 2631 reive
1064 2591 1118 2631 ad
1155 2590 1407 2631 discendum
1447 2602 1605 2645 propo-

141 2671 249 2722 sitae,
282 2672 356 2712 sed
389 2685 448 2712 ex
483 2670 806 2725 comparatione
838 2670 1045 2710 contrarii
1077 2668 1417 2710 animadversio.

254 2748 358 2805 Cap.
388 2751 431 2800 ’7,
460 2749 516 2789 25
544 2762 603 2788 ex
635 2761 737 2798 uno,
767 2747 819 2788 de
845 2761 930 2802 quo
962 2755 1145 2797 constet,
1178 2747 1325 2788 codice
1356 2745 1602 2787 Erfurtensi

144 2840 289 2867 veram
336 2828 592 2881 scripturam
639 2827 831 2866 restitui:
876 2825 968 2866 Nos
1003 2839 1103 2867 vero
1152 2840 1177 2866 α
1209 2831 1251 2866 te
1281 2828 1455 2879 postam
1493 2821 1602 2877 quod
