1821 3309
1444 200 1505 251 61

113 345 328 387 delectum
362 346 550 387 libenter
583 346 877 395 accommodo,
912 346 1138 399 aptissima
1179 345 1396 385 videretur
1428 344 1578 385 huius-

117 425 232 465 modi
266 427 464 480 quaestio,
496 439 580 465 non
613 424 762 479 defugi
794 437 906 473 eam,
927 424 1172 478 potiusque,
1193 437 1321 478 quum
1350 437 1418 464 res
1436 438 1579 479 gram-

114 503 296 544 maticas
329 512 459 543 antea
495 517 609 558 saepe
646 505 689 543 in
728 501 962 543 scribendo
995 502 1174 556 carptim
1207 502 1469 556 attigissem,
1497 502 1578 542 ali-

110 581 282 635 quando
314 580 456 622 locum
492 580 682 637 aliquem
715 589 851 622 totum
881 588 1146 636 pertractare
1163 580 1398 621 iucundum
1437 581 1576 621 visum

108 667 200 710 est,
245 661 280 700 si
322 660 573 701 huiusmodi
611 659 860 701 adventicia
894 660 1162 700 iucunditate
1195 673 1304 714 opus
1338 668 1404 700 est
1432 660 1474 699 in
1511 660 1578 701 iis.

110 752 205 793 quae
252 741 453 794 quamvis
495 740 582 779 sint
616 753 692 794 per
722 753 770 779 se
806 738 858 779 ad
891 740 1080 794 speciem
1115 753 1277 794 parva,
1329 739 1425 793 ipsa
1479 753 1579 779 con-

109 817 272 858 iunctio
317 832 460 858 rerum
506 816 835 873 disciplinaeque
871 818 1086 858 universae
1118 815 1337 872 copulatio
1370 826 1412 858 et
1442 818 1580 858 series

115 896 339 950 postulat,
384 905 428 936 ut
474 896 711 953 diligenter
741 909 1000 950 quaeramus.
1077 895 1296 936 Constitui
1327 897 1462 950 igitur
1494 895 1582 935 sor-

115 989 282 1016 marum
319 975 587 1030 quarundam
625 974 747 1014 verbi
777 972 925 1013 Latini
959 974 1169 1013 rationem
1204 981 1247 1013 et
1279 987 1403 1013 usum
1439 972 1582 1028 expli-

116 1067 245 1100 care,
292 1053 344 1093 de
386 1051 544 1107 quibus
588 1067 741 1108 parum
775 1050 975 1092 videbam
1007 1060 1124 1092 recte
1158 1059 1199 1092 et
1233 1058 1434 1092 accurate
1471 1051 1580 1091 tradi

117 1129 170 1171 ab
202 1132 272 1181 iis,
306 1131 381 1185 qui
415 1138 455 1171 et
489 1130 725 1171 formarum
758 1131 950 1186 ipsarum
984 1129 1179 1170 habitum
1216 1139 1256 1171 et
1275 1131 1580 1185 cognationem

112 1218 154 1249 et
201 1222 350 1250 earum
397 1223 519 1249 usum
569 1208 910 1265 diligentissime
952 1219 993 1250 et
1038 1208 1327 1250 subtilissime
1367 1211 1581 1265 persecuti

118 1301 214 1328 esse
245 1288 507 1338 iudicantur,
541 1290 734 1330 maxime
770 1304 936 1340 earum,
970 1303 1064 1345 quae
1099 1289 1151 1329 ad
1184 1297 1354 1343 tempus
1389 1288 1581 1328 futurum

109 1375 313 1409 exactum
334 1399 344 1419 ‚
376 1367 489 1422 quod
522 1367 681 1408 dicitur
705 1399 716 1419 ‚
749 1370 994 1424 pertinent,
1028 1377 1071 1408 et
1106 1382 1270 1418 earum,
1303 1380 1396 1422 quae
1428 1364 1481 1406 ab
1515 1365 1582 1405 his

109 1453 209 1486 sunt
238 1446 292 1487 ad
325 1445 412 1487 alia
451 1454 646 1501 tempora
678 1445 968 1503 significanda
998 1447 1221 1486 derivarat».
1284 1445 1352 1486 De
1374 1444 1442 1485 his
1465 1445 1579 1484 enim

112 1523 262 1564 formis
310 1538 361 1564 ne
401 1539 452 1565 ea
497 1525 696 1579 quidem,
747 1540 841 1580 quae
876 1526 926 1566 ad
962 1539 1234 1565 communem
1272 1537 1395 1564 usum
1434 1525 1583 1578 praeci·

111 1603 318 1658 piuntur,
367 1605 473 1646 satis
506 1618 602 1644 osse
634 1606 865 1659 perspicua
908 1613 949 1644 et
980 1604 1184 1644 distincta
1219 1604 1413 1643 sentiunt
1447 1601 1584 1656 pleri-

111 1695 222 1736 que,
272 1683 481 1722 interioru
526 1691 568 1722 et
607 1684 842 1723 remotiora
887 1683 1177 1736 perscrutanti
1220 1683 1394 1736 quinam
1443 1695 1582 1721 remo-

117 1760 244 1800 vendi
287 1761 374 1800 sint
421 1775 616 1810 errores,
653 1762 746 1813 ipsa
780 1761 1018 1815 disputatio
1050 1758 1382 1800 demonstrabit.
1405 1759 1436 1807 ¹)
1496 1759 1583 1801 Sed

112 1852 163 1878 ea
197 1846 430 1893 antequam
465 1837 644 1895 longius
688 1839 893 1895 progredi
936 1847 1108 1895 potest,
1154 1837 1408 1892 attingenda
1439 1836 1584 1878 brexi-

112 1926 176 1957 ter
208 1925 274 1957 est
306 1918 512 1957 universa
543 1916 793 1958 distributio
824 1917 1062 1958 formarum
1095 1931 1261 1967 earum,
1293 1915 1450 1972 quibus
1479 1924 1584 1956 tem-

111 1996 229 2049 poris
260 1995 512 2037 discrimina
548 1994 872 2053 significantur.
937 1995 1048 2036 Nam
1081 2010 1213 2051 quum
1248 2010 1273 2035 a
1309 1994 1512 2035 Varrone
1544 2003 1585 2035 et

111 2073 336 2114 Prisciano
393 2083 812 2116 commemoraretur
867 2074 1028 2115 divisio
1087 2074 1283 2129 quaedam
1340 2082 1583 2128 temporum

115 2151 240 2193 verbi
273 2161 370 2193 orta
404 2168 488 2193 non
521 2168 547 2194 a
581 2152 953 2208 contemplatione
983 2153 1196 2194 orationis
1228 2167 1296 2201 ea,
1330 2167 1423 2208 quae
1455 2167 1479 2192 a
1511 2166 1586 2192 na-

112 2240 207 2272 tura
256 2230 309 2272 ad
351 2231 644 2286 eloquendum
688 2233 912 2288 proposita
955 2240 1080 2281 sunt,
1126 2231 1279 2272 formis
1311 2232 1402 2271 suis
1433 2229 1586 2271 subse-

112 2311 301 2364 quentis,
332 2311 407 2351 sed
434 2324 493 2351 ex
521 2309 709 2351 artificio
740 2310 926 2366 quodum
955 2311 1219 2361 Stoicorum,
1258 2325 1280 2351 a
1300 2311 1584 2366 grammatica

114 2386 283 2438 alieno,
318 2403 369 2429 ea
404 2392 590 2443 primum
626 2389 679 2431 ab
723 2388 924 2430 Har-risio
958 2387 1168 2430 Britanno
1198 2397 1405 2430 revocata
1435 2397 1477 2428 et
1507 2401 1586 2428 ex-

114 2473 268 2506 ornata
301 2474 394 2516 est,
435 2466 592 2506 deinde
634 2482 659 2507 a
704 2468 777 2506 Fr.
813 2466 869 2506 A.
900 2465 1069 2507 Wolfio
1106 2465 1433 2505 Germanis·ita
1469 2479 1584 2506 com-

114 2543 342 2593 mendara,
396 2551 441 2583 ut
494 2544 579 2584 iam
632 2558 759 2584 nemo
805 2543 897 2583 fere
946 2542 999 2584 ab
1040 2558 1093 2584 ea
1144 2543 1368 2584 discedere
1410 2543 1583 2584 audeat.

113 2621 324 2663 Perfeetae
357 2623 470 2663 enim
505 2631 546 2663 et
578 2622 847 2678 imperfectae
879 2623 1090 2672 actionis,
1139 2637 1266 2678 quam
1299 2622 1443 2664 Varro
1476 2621 1585 2663 inl'e·

145 2802 172 2839 “)
208 2799 286 2833 lam
322 2799 421 2847 apud
447 2799 627 2847 antiquos
665 2800 712 2835 dc
738 2800 797 2836 his
826 2800 959 2836 formis
988 2801 1225 2848 disputatum
1253 2804 1321 2836 cst.
1376 2797 1459 2836 vid.
1489 2796 1588 2832 Gen.

209 2860 331 2902 XVH,
360 2866 377 2895 7
405 2867 443 2896 et
468 2861 613 2903 xvm,
642 2865 676 2900 2.
