1821 3309
1448 152 1547 203 199

140 310 294 339 verum
326 296 513 340 verbum
545 310 726 353 prorsus
767 293 1083 337 oblitteratum.
1149 293 1200 336 Id
1232 308 1292 336 ex
1324 293 1507 336 scholiis
1541 309 1617 338 no-

133 378 278 419 vimus
321 378 534 419 accidisse
581 379 625 418 in
675 379 810 418 satira
852 376 917 418 IV
964 391 1007 418 v.
1055 377 1125 427 43,
1163 373 1239 416 ubi
1281 389 1360 431 pro
1407 380 1618 418 torrentis

128 458 278 513 inepte
301 455 587 498 substitutum
622 465 688 497 est
712 459 953 510 torpentem
995 454 1140 511 (palus
1163 456 1278 495 enim
1301 453 1507 497 Maeotica
1528 465 1615 498 tor-

127 535 276 592 pebat,
325 549 413 576 non
447 535 578 576 Ponti
610 536 741 585 ostia,
792 549 841 576 ac
868 548 922 574 ne
954 533 1082 590 palus
1114 533 1289 589 quidem
1323 548 1452 584 nunc,
1484 542 1614 590 rupta

127 613 292 656 solibus
318 614 516 670 glace'eg)
552 623 594 655 et
639 615 683 654 in
725 622 806 655 sat.
840 612 952 655 VIII
993 627 1038 653 v.
1074 614 1171 663 155,
1205 611 1279 653 ubi
1313 628 1444 669 quum
1483 623 1612 670 poeta

130 693 350 736 vocabulo
384 709 407 735 e
438 708 486 735 re
514 707 638 734 sacra
667 695 804 748 petito
836 691 983 733 robam
1012 693 1248 733 iuvencum
1275 707 1613 736 commemoras-

127 782 210 825 set,
243 780 393 816 torvus
435 771 658 813 subiectus
704 781 782 813 est.
845 771 1043 828 Utroque
1083 771 1181 813 loco
1223 787 1377 814 verum
1413 772 1611 815 Orellius

128 855 321 895 restituit
352 856 413 909 (in
449 851 616 907 eclogis
649 862 765 908 poet.
796 850 928 905 Lat.).
989 851 1136 907 Atque
1171 851 1253 893 hoc
1283 851 1381 893 Ioco
1417 851 1610 894 vocabu-

128 927 220 969 lum
252 927 553 972 oblitteratum
586 930 735 987 longe,
781 940 827 972 ut
861 933 922 971 ita
953 931 1112 980 dicam,
1146 932 1455 972 arcessendum
1490 940 1607 986 erat;

125 1007 328 1049 faciliore
378 1011 559 1067 negotio
611 1010 876 1063 expedietur
923 1018 1090 1050 octava:
1143 1011 1288 1050 satirae
1331 1009 1481 1061 locus,
1532 1010 1608 1051 ubi

124 1085 369 1138 Iuvenalis,
403 1091 666 1142 comparatis
701 1087 879 1129 Nerone
914 1096 957 1138 et
991 1087 1154 1129 Oresta
1187 1089 1444 1140 matricidis,
1474 1103 1605 1145 quum

124 1163 329 1207 Orestem
373 1176 416 1208 et
459 1167 560 1209 aliis
597 1167 748 1209 multis
794 1166 927 1208 rebus
972 1181 996 1208 a
1027 1166 1219 1208 Neronis
1251 1166 1420 1209 scelere
1457 1169 1604 1209 seiun-

120 1244 313 1300 gendum
359 1245 581 1288 docuisset
635 1256 678 1288 et
723 1247 837 1302 quod
876 1261 955 1288 nec
996 1248 1039 1287 in
1081 1261 1214 1288 scena
1261 1255 1482 1289 cantasset
1527 1261 1605 1288 nec

121 1321 286 1365 Troica
310 1326 574 1379 scripsisset,
602 1326 754 1367 harum
786 1328 943 1368 artium
973 1327 1170 1381 principe
1198 1326 1476 1381 indignarum
1511 1326 1603 1366 foe·

121 1402 303 1445 ditatem
361 1404 748 1446 vehementissime
793 1419 962 1461 augens
1004 1407 1048 1445 in
1097 1404 1189 1446 haec
1233 1406 1423 1460 erumpit
1466 1402 1601 1446 verba

122 1486 181 1533 (v.
219 1483 300 1523 221
337 1484 474 1540 sqq.):

749 1561 867 1612 Quid
901 1564 1016 1603 enim
1049 1561 1296 1618 Verginius
1328 1563 1462 1603 armis

386 1639 554 1682 Debuit
574 1640 729 1683 ulcisci
749 1643 890 1698 magis
911 1650 985 1682 aut
1004 1656 1100 1682 cum
1119 1641 1308 1682 Vindice
1328 1639 1473 1682 Galba
1491 1640 1502 1680 ἒ

387 1718 502 1769 Quid
525 1719 646 1761 Nero
669 1730 755 1762 tam
777 1735 895 1761 saeva
916 1720 1136 1777 crudaque
1159 1720 1388 1775 tyrannide
1408 1718 1539 1760 fecit!

117 1797 297 1853 Optima
324 1798 497 1852 priora3
529 1798 621 1840 haec
649 1800 869 1855 posterior
900 1800 1192 1855 interrogatio
1224 1798 1325 1854 quid
1358 1797 1443 1838 sibi
1477 1795 1598 1838 vult?

113 1876 239 1917 cuius
272 1875 396 1918 nulla
424 1876 514 1918 alia
545 1892 643 1919 esse
676 1886 821 1934 potest
846 1880 1082 1930 sententia,
1117 1879 1202 1919 nisi
1229 1876 1454 1919 Neronem
1487 1875 1598 1917 nihil

112 1953 219 1996 mali
250 1955 409 1996 fecisse
441 1957 485 1996 in
515 1958 789 2013 principatu3
832 1957 948 2013 quod
983 1966 1026 1998 et
1055 1972 1134 2013 per
1168 1971 1215 1998 se
1258 1955 1498 1998 absurdum
1531 1964 1596 1996 est

112 2046 192 2075 nec
234 2033 424 2076 cohaeret
468 2049 564 2077 cum
611 2037 680 2086 iis,
718 2050 812 2092 quae
854 2044 1112 2092 sequuntur,
1158 2035 1210 2077 ad
1253 2043 1371 2076 artes
1405 2033 1596 2075 ludicras

109 2110 303 2154 Neronis
335 2116 608 2170 spectantia:
654 2115 767 2156 Haec
799 2128 934 2171 opera
969 2120 1101 2171 alque
1146 2113 1229 2156 Ιιαε
1259 2119 1361 2156 sunt
1387 2117 1597 2169 generose·

100 2195 324 2247 principis
367 2199 512 2244 artes,
568 2193 818 2236 Gcmdeutcs
844 2194 990 2245 foedo
1034 2198 1278 2250 peregrina
1321 2192 1383 2235 ad
1414 2193 1596 2247 pulpita

109 2271 226 2312 saltu
271 2272 497 2315 prostitue·
543 2273 623 2317 &a
689 2273 804 2316 Nam
837 2275 951 2330 quod
986 2272 1063 2314 illa
1096 2271 1234 2315 verba
1267 2274 1312 2314 in
1344 2272 1456 2314 hanc
1497 2286 1596 2313 sen-

110 2351 293 2390 tentiam
318 2351 694 2408 interpretantur:
729 2351 850 2400 Quid
872 2356 1066 2394 maxime
1080 2352 1185 2403 stell
1206 2352 1451 2407 indignam,
1481 2351 1596 2406 quod

109 2430 155 2467 in
187 2431 306 2469 omni
342 2442 424 2470 sua
461 2431 699 2484 tyrannide
734 2431 915 2472 admisit
946 2430 1105 2472 Nero?
1157 2430 1200 2470 id
1241 2432 1286 2471 in
1325 2429 1472 2471 verbis
1506 2441 1592 2469 non

111 2514 192 2546 est.
271 2504 426 2562 Itaque
473 2510 568 2550 iure
612 2508 750 2550 haeret
792 2508 1046 2563 Rupertius.
1127 2506 1396 2550 Schmidtius
1443 2515 1591 2548 autem

109 2585 220 2626 mira
265 2594 425 2629 narrat.
493 2585 607 2629 Nam
643 2600 820 2629 versum
851 2587 936 2627 223
969 2587 1033 2628 sic
1065 2589 1278 2643 exponit:
1313 2586 1456 2637 ”Quid
1488 2586 1591 2627 fecit

107 2661 226 2705 Nero
273 2665 388 2706 intra
441 2673 506 2707 tot
547 2665 693 2723 longae
737 2664 1017 2722 crudelisque
1069 2666 1385 2708 dominationis
1436 2679 1590 2714 ann08‚

105 2751 285 2798 propter
320 2745 436 2800 quod
467 2745 563 2787 iure
591 2744 820 2801 libereque
850 2744 1049 2799 praeferri
1080 2748 1221 2803 possit
1252 2746 1433 2789 Senecae
1464 2745 1590 2800 igno·

109 2819 246 2862 bilr’t
277 2821 422 2866 Valde
453 2824 507 2866 de
546 2838 626 2866 suo
658 2823 863 2867 liberalis
894 2833 991 2874 est;
1022 2839 1122 2868 nam
1155 2840 1241 2868 non
1275 2823 1419 2867 solum
1454 2822 1589 2871 addit,
