1821 3309
271 200 373 249 340

209 348 491 397 coarguente,
535 346 730 396 possent,
781 351 910 393 quum
957 338 1194 393 praesertim
1236 352 1323 379 una
1366 352 1428 380 ex
1469 346 1674 395 quattuor

210 436 317 462 vera
355 428 550 461 maneret
591 427 634 460 et
671 432 767 459 cum
810 416 936 457 falsis
978 419 1331 473 coniunge-retur.
1353 418 1387 471 ¹)
1455 417 1542 459 Sed
1572 418 1676 459 forti

207 501 402 544 remedio
437 498 634 541 Orellius
677 512 769 538 rem
812 497 1019 553 expedit3
1063 511 1161 538 nam
1193 506 1331 538 totum
1366 496 1493 550 illum
1530 496 1677 539 locum

209 597 271 623 ex
299 580 442 622 media
473 576 661 634 epistola
690 585 886 627 exsecat,
920 586 964 618 ut
995 578 1080 617 iam
1114 576 1224 618 nihil
1261 586 1429 619 constet
1459 577 1512 617 de
1544 575 1681 632 pluri-

210 661 294 703 bus
326 657 598 701 orationibus
631 655 685 697 ab
716 657 812 712 ipso
838 655 1050 697 Cicerone
1082 657 1133 697 (le
1162 672 1207 697 re
1236 655 1496 698 Catilinaria
1526 657 1680 703 editis;

210 740 494 795 fabulamque
533 737 723 793 lepidam
768 737 1018 790 excogitat,
1076 736 1303 777 falsarium
1351 737 1540 791 primum
1591 743 1680 777 tres

210 822 432 863 orationes
474 816 677 859 Ciceroni
720 814 987 865 subiecisse,
1032 815 1217 865 deinde,
1253 822 1300 856 ut
1342 816 1397 855 iis
1442 814 1588 856 locum
1636 823 1680 856 et

213 899 343 942 fidem
377 906 577 955 pararet,
619 897 664 937 in
708 895 936 951 epistolam
972 894 1196 936 Ciceronis
1230 895 1523 935 narrationem
1569 909 1595 935 a
1634 908 1682 935 se

211 980 357 1022 fictam
384 979 436 1019 de
467 975 623 1017 iisdem
645 974 916 1016 orationibus
948 974 1191 1026 inclusisse.
1209 974 1246 1026 ²)
1284 973 1467 1023 Verum,
1494 975 1682 1029 inquies,

213 1073 346 1116 quum
373 1056 462 1098 illae
489 1053 685 1110 epistolae
716 1055 760 1095 in
789 1053 990 1094 manibus
1015 1053 1239 1094 hominum
1268 1055 1353 1094 iam
1386 1063 1550 1103 essent,
1577 1067 1684 1109 quo-

213 1139 343 1182 modo
379 1136 585 1178 falsarius
626 1133 704 1175 ille
745 1148 831 1174 non
873 1147 1000 1174 suum
1042 1131 1326 1187 epistolarum
1361 1133 1570 1184 codicem,
1604 1131 1683 1174 sed

241 1281 276 1325 ²)
310 1275 525 1312 Ahrensius
552 1276 671 1305 totam
696 1270 796 1303 hane
823 1270 1107 1309 difficultatem,
1129 1273 1173 1302 ut
1204 1268 1354 1303 Orellio
1385 1271 1439 1316 (p.
1472 1272 1558 1314 177)
1581 1270 1684 1305 vidc-

306 1345 383 1379 tur,
410 1334 654 1369 ”accuratius
679 1337 914 1379 pertractare
940 1331 1108 1364 noluit.''
1149 1330 1282 1377 Itaque
1305 1332 1347 1364 in
1374 1330 1489 1378 longa
1515 1332 1683 1380 disputa-

306 1402 414 1435 tione
450 1397 496 1432 de
537 1394 770 1429 testimoniis
805 1393 1004 1427 historicis
1040 1392 1138 1426 hanc
1175 1393 1377 1439 epistolam
1413 1393 1569 1427 omnino
1605 1406 1685 1429 non

307 1462 438 1508 attigit
474 1458 570 1505 (nisi
604 1470 640 1504 p,
678 1460 721 1491 66
748 1456 789 1489 in
818 1456 891 1489 alia
918 1466 971 1493 re,
1000 1459 1043 1489 ut
1077 1459 1268 1502 appareat,
1305 1466 1391 1489 eum
1416 1455 1529 1489 illum
1557 1455 1686 1490 locum

307 1538 387 1561 non
420 1524 642 1569 ignorasse,
695 1531 777 1567 quae
812 1518 1005 1564 ignoratio
1055 1517 1273 1552 excusatior
1316 1522 1418 1552 esset
1453 1530 1565 1565 quam
1602 1517 1686 1553 haec

307 1583 617 1636 praetermissio).

240 1655 275 1696 ι)
314 1651 408 1694 Quae
436 1645 608 1681 Orellius
645 1644 719 1679 sibi
756 1644 909 1678 videtur
936 1644 975 1677 in
1001 1644 1075 1678 hoc
1104 1643 1188 1677 loco
1216 1641 1515 1690 deprehendisse
1543 1639 1688 1675 indicia

309 1710 497 1748 orationis
532 1721 611 1742 non
649 1706 933 1747 Ciceronianae,
970 1705 1157 1740 eiusmodi
1194 1709 1306 1743 sunt,
1344 1709 1388 1738 ut
1422 1703 1585 1739 refutari
1622 1703 1686 1737 vix

308 1775 486 1813 debeant,
510 1771 617 1804 velut
643 1769 745 1816 quod
772 1769 812 1802 in
841 1769 1076 1803 deminutiva
1103 1768 1224 1802 forma
1250 1767 1544 1812 refractariolo&
1571 1765 1687 1801 semel

306 1838 371 1872 liic
410 1836 451 1869 in
491 1833 672 1868 familiari
711 1843 885 1866 sermone
924 1833 1052 1878 posita
1087 1831 1231 1870 haeret,
1280 1829 1390 1876 quasi
1435 1841 1515 1863 non
1552 1833 1688 1876 quarta

310 1899 446 1934 saltem
482 1908 570 1943 pars
609 1894 779 1929 omnium
815 1893 1140 1928 dexuinuiivorum
1179 1891 1404 1926 Latinorum
1435 1903 1512 1924 uno
1542 1894 1689 1923 tantum

308 1963 397 1997 loco
424 1960 587 2005 legatur,
616 1957 706 2005 quia
732 1957 772 1990 in
797 1955 1002 1989 scribendo
1031 1960 1134 1988 extra
1162 1953 1345 2001 epistolas
1370 1952 1578 1986 familiares
1603 1964 1689 1986 rara

312 2035 444 2059 eorum
468 2020 734 2068 ponendorum
766 2010 921 2052 ‘occasio
959 2022 1053 2053 erat.
1090 2021 1156 2050 aut
1183 2016 1285 2063 quod
1310 2015 1409 2050 hanc
1433 2015 1690 2050 locutionem:

310 2089 359 2121 ab
384 2084 560 2119 iudiciali
585 2082 737 2116 dicendi
759 2094 897 2126 yenere
922 2093 960 2113 se
986 2081 1192 2124 tubianaei-e
1220 2078 1382 2111 miratur
1406 2088 1477 2110 nec
1502 2075 1690 2115 meminit,

310 2147 357 2181 ad
382 2147 486 2180 Fam.
511 2144 543 2186 1,
569 2147 589 2176 9
616 2146 637 2184 §
662 2146 707 2176 23
732 2154 890 2188 prorsus
918 2140 1049 2173 eodem
1083 2140 1197 2174 modo
1232 2139 1328 2173 diei:
1364 2139 1414 2171 ab
1452 2138 1689 2172 orationibus

310 2211 467 2253 dii'unqo
492 2219 547 2239 me
564 2205 661 2249 fere,
691 2208 756 2236 aut
783 2202 882 2249 quod
911 2202 1041 2235 Grmea
1068 2201 1182 2235 verba
1210 2205 1269 2234 ter
1291 2200 1332 2233 in
1355 2198 1429 2232 hoc
1454 2198 1541 2232 loco
1562 2197 1689 2244 posita

309 2283 389 2306 non
417 2269 506 2307 fert,
541 2267 582 2299 in
607 2265 769 2312 epistola
804 2263 918 2297 tertia
945 2263 1065 2297 altero
1091 2267 1197 2297 tanto
1224 2262 1306 2296 fere
1329 2261 1505 2306 longiore
1532 2259 1583 2301 (si
1607 2259 1689 2294 haec

311 2330 503 2367 metienda
539 2332 642 2374 suut)
667 2325 849 2360 undecies
873 2326 997 2372 posita
1039 2327 1194 2371 (praeter
1217 2336 1370 2358 versum
1396 2324 1586 2366 Graeeum)
1611 2334 1692 2357 non

314 2395 490 2432 miratur,
518 2395 584 2424 aut
616 2389 718 2436 quod
741 2388 921 2422 Ciceroni
943 2388 982 2420 in
997 2387 1174 2420 familiari
1203 2386 1365 2433 epistola
1389 2385 1607 2433 praescribit
1634 2384 1689 2418 di-

314 2453 569 2503 ligentissime
605 2452 651 2485 ad
682 2450 893 2499 syllogismi
922 2448 1080 2482 formam
1110 2448 1250 2482 factam
1278 2460 1477 2482 causarum
1507 2446 1688 2494 expositi-

318 2532 441 2556 onem.
492 2515 653 2550 Scilicet
677 2514 767 2547 talia
795 2516 1003 2545 occurrunt·
1031 2515 1252 2556 argumenta
1280 2507 1691 2556 circumspicientibus.

316 2580 420 2615 Illud
441 2584 568 2613 tamen
588 2577 708 2610 miror
731 2575 773 2609 in
792 2578 957 2608 mentem
981 2584 1059 2606 non
1082 2572 1247 2613 venisse,
1270 2572 1464 2614 Tironem,
1489 2570 1690 2606 Ciceronis

315 2654 385 2689 per
419 2641 562 2674 multos
597 2650 717 2672 annos
753 2637 795 2670 in
832 2634 1007 2682 epistolis
1044 2634 1259 2668 scribendis
1297 2634 1523 2674 adiutorem,
1557 2632 1692 2667 saltem

318 2704 449 2737 decem
482 2713 614 2735 versus
651 2700 706 2734 sic
741 2698 909 2733 scribere
943 2709 1056 2744 posse
1081 2696 1261 2730 debuisse
1286 2694 1539 2730 Ciceroniano
1576 2705 1692 2736 more,

317 2769 361 2799 ut
398 2776 418 2797 a
453 2763 565 2796 nobis
599 2774 677 2796 non
705 2760 1064 2808 deprehenderetur.
1115 2758 1200 2792 Non
1224 2762 1397 2804 putaram
1423 2755 1616 2791 Orellium
1642 2756 1690 2791 de

321 2837 390 2861 suo
426 2825 473 2858 ad
509 2824 694 2858 orationis
722 2823 985 2857 Ciceronianae
1017 2819 1288 2869 proprietatem
1316 2818 1704 2856 animadvertendam-

316 2899 430 2923 sensu
457 2892 530 2922 tam
560 2887 656 2921 bene
687 2885 913 2920 existimare.
