1821 3309
247 147 345 199 184

183 294 223 342 1,
255 291 324 340 66,
358 287 509 329 eadem
543 287 851 341 interrogatiri
882 293 924 325 et
959 285 1134 326 relativi
1170 285 1443 329 confusione.
1503 283 1657 328 Restat

182 366 366 424 Virgilii
405 366 530 422 (zEn.
562 364 671 416 XII,
701 366 785 407 719
814 373 855 405 et
885 366 1002 419 727),
1032 365 1187 417 Persii,
1213 365 1385 407 Phaedri
1415 367 1658 408 auctoritas

184 462 243 489 ex
281 445 462 489 meliore
494 453 638 495 aetate2
674 442 831 500 quibus
861 453 1020 500 praeter
1048 444 1308 486 Iuvenalem
1338 444 1563 486 addendus
1594 453 1660 486 est

184 527 368 570 Tacitus
403 526 520 568 Anu.
552 524 587 576 I,
620 526 697 566 47:
726 537 830 578 quos
862 527 1001 579 igilur
1027 523 1274 574 ‹mteferret
1306 523 1572 579 (Germaniae
1604 538 1659 565 an

184 608 422 649 l’annoniae
467 603 677 658 inilites)3
718 601 830 644 Nam
866 604 979 660 apud
1011 604 1188 645 Livium
1239 603 1315 655 ΙΙΙ,
1345 605 1414 655 39,
1448 606 1476 644 9
1510 604 1660 658 (cuius

186 688 260 728 ille·
281 689 425 742 partis
459 689 600 726 essent
619 682 649 736 ἔ)
687 682 900 736 Horatius
933 685 995 724 sic
1025 683 1236 739 loquitur,
1267 692 1315 723 ut
1346 690 1526 738 quaerat,
1559 696 1662 724 num

186 767 298 808 forte
332 772 490 821 praeter
521 762 756 819 populares
790 771 833 803 et
873 764 1107 817 optimates
1136 762 1265 802 tertia
1295 761 1444 817 aliqua
1475 762 1532 802 sit
1565 775 1664 818 pars

187 848 229 886 in
277 843 519 901 republica.
543 843 577 896 ¹)
645 840 731 883 Sed
775 841 969 882 redimus
1013 841 1064 882 ad
1118 840 1345 883 Iuvenalis
1399 842 1664 883 sententiam

189 923 529 980 explicandam
577 922 649 977 qui
696 930 843 976 negat,
886 922 1043 962 mirum
1091 934 1187 962 esse
1234 922 1414 962 mimum
1453 919 1664 972 nobilem,

189 1018 318 1060 quum
353 1004 555 1059 princeps
588 1000 866 1041 citharoedus
897 1001 967 1040 sit.
1033 999 1177 1049 '‘Quid
1211 999 1326 1042 ultra
1361 1000 1451 1041 haec
1481 1008 1665 1050 restare,

192 1085 277 1124 nisi
303 1082 454 1123 ludum
487 1080 658 1121 lanistae
691 1087 733 1119 et
765 1078 975 1119 arenam?
1007 1077 1100 1120 Nec
1132 1080 1174 1119 id
1207 1079 1385 1128 deesse3
1419 1078 1665 1121 Gracchum

190 1176 432 1219 pugnasse,
461 1175 510 1201 ac
543 1173 595 1199 ne
633 1173 683 1199 ea
716 1157 888 1213 quidem
925 1167 1162 1209 armatura,
1194 1173 1279 1213 qua
1312 1158 1448 1199 facies
1485 1158 1668 1200 abscon·

190 1241 407 1283 deretur”.
466 1239 583 1288 Quid
619 1236 841 1293 apertius?
886 1236 986 1291 quid
1033 1239 1174 1292 magis
1219 1246 1589 1293 coagmentatum,
1623 1246 1667 1278 ut

191 1319 376 1361 dissolri
412 1332 497 1358 non
532 1324 661 1373 queat
680 1316 695 1355 ’ἔ
737 1315 791 1355 Et
823 1323 968 1355 tamen
1001 1314 1084 1355 hoc
1127 1330 1183 1355 ex
1229 1315 1548 1358 recentioribus
1582 1315 1667 1358 soli

193 1398 541 1446 intellexerunt,
589 1393 872 1436 scholiastam
921 1394 1084 1444 secuti,
1129 1393 1250 1435 Galli
1295 1394 1581 1436 Achaintrius
1627 1403 1670 1436 et

192 1477 469 1521 Dusaultius.
535 1473 648 1517 Nam
691 1473 931 1528 Rupertius
974 1472 1137 1528 aliique
1169 1474 1232 1514 sic
1275 1483 1503 1516 enarrant:
1539 1474 1672 1516 ”Post

195 1559 288 1599 liaec
316 1556 417 1613 quid
448 1554 696 1597 videbimus
728 1555 772 1594 in
805 1552 911 1594 urbe
943 1561 1100 1608 prseter
1131 1551 1259 1594 ludos
1279 1552 1318 1594 3”
1348 1554 1474 1609 quasi
1504 1552 1588 1594 hoc
1617 1554 1672 1594 sit

195 1639 314 1679 ullra
346 1635 445 1684 illa,
479 1649 573 1690 quae
610 1634 743 1684 dixit,
774 1647 824 1674 ae
860 1646 943 1673 non
981 1631 1059 1673 illa
1091 1633 1202 1688 ipsa,
1238 1641 1312 1674 aut
1344 1634 1407 1674 sic
1438 1632 1673 1689 quidquam

193 1718 265 1767 sit,
296 1730 380 1771 quo
412 1715 628 1756 referatur
654 1714 715 1764 id,
749 1712 862 1768 quod
893 1713 1113 1767 sequitur:
1149 1710 1211 1754 El
1244 1713 1339 1753 illic
1367 1713 1447 1766 (sic
1477 1712 1599 1753 codd.
1631 1721 1674 1754 et

198 1796 389 1837 editores
418 1793 707 1835 recentissimi
744 1806 822 1847 pro
856 1791 985 1845 illud)
1019 1791 1205 1832 dedecus
1234 1800 1316 1832 etc.
1336 1791 1372 1845 2)
1432 1791 1493 1832 At
1524 1805 1673 1832 occur—

198 1876 253 1915 rit
271 1874 511 1929 Rupertius
531 1880 587 1922 et,
619 1872 655 1911 si
674 1870 782 1911 illud
804 1879 933 1925 poeta
952 1869 1183 1921 voluisset,
1217 1870 1330 1926 quod
1364 1884 1443 1911 nos
1474 1871 1675 1922 dicimus,

198 1953 354 1995 saltem
401 1965 553 1993 munus
595 1951 812 1991 dicturum
854 1949 1007 1999 fuisse,
1042 1963 1127 1989 non
1160 1948 1332 1999 ludum,
1379 1949 1528 1999 docet3
1574 1964 1674 1992 nam

199 2033 343 2075 ludum
376 2046 549 2086 semper
583 2029 635 2070 ad
665 2043 840 2070 scenam
878 2037 1092 2085 spectare,
1124 2041 1276 2069 munus
1307 2028 1359 2069 ad
1392 2028 1675 2085 gladiatores,

201 2112 327 2153 Errat
354 2125 439 2150 nou
465 2109 653 2161 leviter-3
690 2123 791 2149 nam
823 2107 920 2148 luda·
944 2115 1045 2147 sunt
1071 2109 1249 2155 scenice,
1283 2106 1445 2162 plurali
1478 2122 1674 2157 numero,

201 2203 420 2245 nunquam
467 2187 610 2237 ludus,
653 2194 700 2226 ut
745 2185 817 2227 vel
860 2185 943 2225 hoc
987 2193 1247 2240 argumento
1281 2186 1420 2240 ipsius
1452 2196 1678 2229 evertatur

200 2268 530 2324 interpretati03
565 2273 715 2307 contra
748 2264 877 2305 ludus
910 2271 1004 2304 erat
1030 2263 1345 2318 gladc'alorc‘us,
1374 2265 1419 2304 in
1452 2279 1536 2321 quo
1567 2265 1678 2307 lani-

202 2358 268 2390 sta
315 2347 524 2403 magistro
576 2354 712 2386 artem
769 2341 1018 2391 discebant3
1065 2342 1155 2384 vid.
1203 2341 1293 2383 Cic.
1342 2341 1474 2386 Catil.
1524 2343 1591 2396 11,
1635 2347 1678 2397 5,

204 2427 349 2468 Caesar
374 2424 423 2466 B.
453 2423 502 2465 C.
538 2423 573 2475 I,
607 2425 674 2475 14,
712 2423 892 2464 Sueton.
919 2420 1030 2463 Caes.
1060 2422 1143 2473 313
1174 2435 1253 2462 nec
1288 2420 1418 2465 aliter
1443 2421 1676 2466 Horatium

231 2593 259 2633 ι)
298 2589 434 2624 Cicero
462 2587 509 2622 ad
537 2587 617 2621 Att.
654 2585 770 2626 xvi,
821 2589 886 2627 14,
924 2588 941 2619 1
982 2586 1066 2630 (nt,
1095 2598 1199 2632 quem
1223 2586 1339 2626 velis,
1367 2588 1555 2629 nescias),
1584 2598 1675 2634 quo-

297 2651 399 2684 niam
425 2649 538 2684 etiam
562 2649 680 2689 velis,
704 2659 783 2682 non
809 2649 918 2682 malis
943 2647 1098 2694 posuit,
1124 2647 1304 2681 universe
1328 2646 1437 2692 loqui
1463 2646 1616 2683 videtur
1643 2653 1679 2683 et

297 2711 529 2757 significare,
557 2710 749 2744 neminem
775 2710 930 2744 omnino
961 2719 1053 2751 esse:
1083 2722 1194 2759 quem
1223 2711 1307 2760 quis
1333 2708 1454 2753 velih]

232 2775 267 2818 ²)
296 2772 457 2819 [Eodem
486 2770 598 2807 modo
630 2770 908 2815 {lcinrichius}
