1821 3309
1477 204 1536 252 19

133 345 252 386 bent.
312 344 600 387 Scribendum
635 354 699 386 est
731 346 891 400 igitur:
925 344 999 385 An
1028 345 1285 398 ingenium?
1323 342 1439 392 Quoi
1470 348 1600 386 etiam

132 427 222 478 ips-c*
250 437 376 465 casus
406 428 674 477 eventusque
704 435 845 463 rernm
877 435 963 462 mm
995 422 1154 473 duces,
1184 422 1263 462 sed
1292 427 1467 464 comites
1498 437 1603 465 con-

133 503 330 543 siliorum
359 500 569 551 fuerunt.
655 499 769 541 Eius
818 500 1036 541 adiectum
1075 507 1167 550 est,
1207 502 1436 541 sententiae
1474 503 1601 542 initio

133 587 354 634 corrupto.
430 579 533 634 Ipsi
574 578 727 620 melius
769 580 899 621 tertia
945 577 1115 620 familia
1145 577 1303 628 habet,
1348 593 1477 634 quam
1508 583 1602 634 ipse

131 658 273 712 prima
306 666 349 698 et
383 658 523 700 altera
564 657 717 714 (PAB,
744 657 924 711 He1·v.),·
968 671 1051 698 non
1080 657 1132 698 de
1165 671 1268 698 casu
1300 658 1503 699 universe
1537 657 1601 699 lo-

132 738 292 791 quitur,
327 737 401 778 sed
435 737 487 778 de
517 737 706 793 singulis
738 736 912 778 casibus
940 750 1099 777 rerum.
1124 735 1157 789 ¹)

254 815 421 857 Eodem
455 830 548 870 cap.
579 818 602 866 ξ
634 817 688 855 10
719 816 861 856 editur
899 814 1061 869 vulgo,
1117 812 1342 855 codicibus
1384 828 1470 855 non
1515 815 1601 855 dis-

132 893 434 948 crepantibus:
486 893 572 935 Czn'
606 899 784 936 senatus
817 894 1092 948 populus-que
1128 893 1352 934 Romanus
1386 893 1601 946 amplissi—

133 983 212 1012 ηοω
244 971 479 1026 dignitatis
504 975 688 1026 proeme'cc
716 971 863 1019 (ledet,
913 983 998 1010 non
1032 971 1284 1024 postulante·
1309 973 1494 1022 imperia
1528 984 1599 1011 ve-

132 1063 226 1090 ram
257 1053 388 1090 etiam
418 1053 656 1091 recusanti.
723 1048 816 1090 Nec
848 1057 992 1089 tamen
1024 1049 1085 1089 ita
1117 1047 1271 1089 Cicero
1304 1045 1496 1088 scribere
1527 1062 1602 1103 po-

133 1129 229 1169 tuit.
287 1127 401 1169 Nam
434 1143 575 1184 neque
604 1131 789 1183 praemia
818 1128 1095 1182 amplissimae
1126 1126 1362 1181 dignitatis
1395 1134 1497 1167 sunt
1525 1129 1602 1167 im-

128 1208 280 1259 peria,
317 1214 387 1256 ct,
424 1208 462 1248 si
496 1214 666 1258 essent,
698 1221 784 1247 non
812 1213 956 1247 tamen
988 1207 1049 1246 ita
1081 1204 1235 1246 Cicero
1267 1203 1440 1245 locutus
1472 1214 1603 1256 esset,

134 1291 340 1340 tanquam
374 1285 506 1327 aliam
544 1301 633 1326 rem
670 1285 843 1335 datam,
875 1283 1007 1325 aliam
1044 1298 1129 1324 non
1164 1281 1432 1338 postulatam
1466 1284 1602 1339 signi-

135 1360 313 1414 ficaret,
361 1365 473 1420 quod
516 1362 565 1405 fit
606 1363 695 1405 alio
737 1363 1014 1405 substantivo
1046 1360 1267 1411 subiecto,
1301 1375 1431 1416 quum
1463 1361 1506 1402 id
1537 1361 1602 1416 ip-

130 1454 243 1492 sum,
274 1443 386 1497 quod
419 1443 653 1499 Pompeius
682 1457 767 1485 non
798 1441 1082 1498 postulasset,
1114 1441 1260 1481 datum
1287 1439 1371 1479 dici
1406 1437 1599 1481 deberet.

133 1517 227 1560 Nec
268 1524 448 1574 praemz‘a
479 1520 716 1575 dcgm'cale‘s
749 1518 1070 1574 (consulatum,
1117 1516 1378 1572 triumplmS,
1420 1516 1598 1569 similia)

134 1596 227 1639 ulla
257 1598 494 1653 Pompeius
524 1607 821 1641 recusaverat.
894 1596 1077 1639 Accedit
1124 1595 1301 1636 foedum
1337 1594 1598 1636 elocutionis

134 1676 315 1724 vitium3
355 1684 553 1732 apertum
599 1685 665 1717 est
712 1678 827 1717 enirn
860 1677 942 1717 dici
976 1675 1207 1716 debuisse:
1248 1686 1333 1713 non
1364 1673 1486 1714 modo
1514 1685 1599 1713 non.

126 1754 385 1805 postulanti.
460 1752 584 1794 Nihil
623 1754 706 1795 huc
751 1755 971 1809 pertinent
997 1752 1318 1806 disputationes
1352 1750 1404 1790 de
1436 1752 1598 1791 omisso

131 1844 218 1871 non
247 1832 291 1871 in
324 1830 405 1872 hac
426 1831 631 1872 formula.
689 1831 935 1873 Verissime
962 1830 1190 1872 Manutius
1221 1827 1465 1879 intellexit,
1495 1829 1599 1869 scri-

132 1907 321 1950 bendum
352 1924 472 1952 esse:
513 1914 696 1965 prcemz‘a
728 1910 852 1951 dedit
880 1923 966 1950 non
990 1909 1254 1964 postulanti,
1281 1910 1467 1961 imperia
1496 1919 1598 1947 vero

130 1991 261 2028 eliam
281 1992 518 2030 recusanti.
586 1989 655 2029 Ex
690 2002 901 2029 concursu
934 1986 1248 2043 particularum
1279 1998 1382 2026 vero
1405 1992 1448 2025 et
1467 1987 1597 2024 etlam

130 2064 300 2108 librarii
333 2066 516 2122 vulgare
550 2066 660 2108 illud
697 2080 844 2108 verum
878 2070 1010 2107 etlam
1045 2066 1301 2107 effecerunt.
1384 2062 1597 2102 Extrema

129 2145 406 2201 paragrapho
448 2153 564 2186 recte
605 2145 719 2200 apud
754 2143 1056 2186 Camerarium
1090 2152 1182 2194 est,
1227 2139 1596 2195 confirmaturque

130 2237 156 2264 a
183 2223 241 2265 P:
285 2222 406 2264 vobis
449 2224 543 2266 est?
587 2223 786 2266 Verbum
825 2226 871 2265 in
913 2223 993 2265 illa
1025 2222 1371 2276 interrogatione
1403 2231 1490 2259 non
1523 2216 1596 2258 Ci-

130 2303 364 2343 ceroniane
396 2303 627 2348 omittimr.
708 2301 757 2343 C.
794 2303 823 2344 5
860 2303 988 2343 initio
1029 2299 1227 2343 tollenda
1265 2306 1331 2339 est
1363 2297 1504 2338 tertiae
1533 2295 1597 2336 fa-

131 2379 263 2421 tniliae
295 2379 417 2421 codd.
451 2383 710 2422 auctoritate
751 2381 823 2435 (E,
853 2380 980 2423 Oxx.
1015 2380 1058 2433 3)
1092 2379 1235 2420 inanis
1269 2376 1473 2431 repetitio
1507 2375 1597 2423 ille,

158 2596 186 2638 ⁴)
211 2594 330 2630 Paulo
356 2597 444 2628 ante
471 2592 755 2627 restituendum
781 2593 970 2627 dubitare.
1034 2592 1216 2627 Extrema
1241 2586 1504 2635 paragrapho,
1529 2584 1596 2620 ubi

224 2667 270 2691 ex
300 2655 425 2690 tertiae
461 2654 618 2690 familiae
653 2653 830 2689 codicum
870 2653 1044 2698 vestigiis
1079 2657 1117 2687 et
1151 2656 1289 2687 exterae
1315 2652 1354 2684 et
1377 2648 1520 2682 ultimae
1544 2645 1597 2679 es-

223 2717 288 2752 fici
313 2727 428 2764 posse
456 2716 629 2757 videtur,
666 2714 788 2762 prima
822 2719 954 2749 tuetur
978 2720 1137 2753 exten-ce,
1175 2709 1279 2758 quod
1303 2708 1378 2744 lioc
1401 2708 1489 2743 loco
1515 2706 1597 2741 uni-

223 2788 332 2813 verse
365 2777 532 2819 dicitur,
572 2789 650 2812 non
688 2776 756 2811 illo
794 2775 927 2817 modo,
970 2775 1017 2811 dc
1050 2786 1124 2821 quo
1167 2773 1206 2808 in
1245 2771 1355 2819 epist.
1393 2769 1440 2805 ad
1478 2767 1597 2804 Orell.

225 2850 258 2883 p.
287 2841 331 2872 63
360 2842 397 2872 et
424 2841 470 2873 64
499 2837 588 2872 dixi.

1294 2910 1334 2940 2*
