1821 3309
1461 177 1561 225 355

157 315 378 352 tractatur
411 309 484 352 Ιιιέ
513 315 663 366 itaque
694 312 801 354 illuc
832 319 1035 368 sequetur
1065 320 1148 356 etc.
1208 315 1281 358 Ex
1312 316 1381 359 his
1413 318 1503 361 haec
1536 319 1628 363 effi·

155 391 268 430 citur
301 391 465 447 optima
497 393 738 447 scriptura,
777 393 862 432 nisi
896 392 1011 448 qnod
1044 393 1097 435 de
1131 409 1217 437 uno
1254 397 1470 440 vocabulo
1501 400 1627 442 dubi-
1691 434 1695 440 .

155 471 265 511 tatio
297 479 465 512 manet:
517 469 616 511 Hoc
657 471 830 512 dicente
863 472 1003 513 iudex
1033 473 1137 530 (hoc
1169 475 1431 520 vocabulum
1463 478 1534 520 hic
1567 479 1628 522 la-

153 558 246 590 tere
290 551 421 591 etiam
463 549 753 592 Buttmannus
787 554 924 593 sensit
967 555 1010 593 in
1044 563 1145 595 nota
1180 558 1430 612 exegetica)
1474 556 1625 618 [deos]

154 629 399 684 appellabit
431 637 473 672 e!
495 630 633 684 flebit
665 637 707 672 et
733 645 814 686 per
844 645 988 672 omnes
1019 633 1210 684 affectus·
1245 641 1413 678 tractus
1443 637 1526 680 leuc
1556 647 1623 681 al-

152 722 234 764 que
275 710 385 751 illuc
425 717 642 767 sequetur.
718 710 844 761 (Haec
878 721 1080 753 extrema
1121 713 1338 757 vocabula
1372 718 1523 760 eadem
1557 735 1625 762 ra-

151 789 271 831 tione
299 806 324 831 a
343 789 594 832 Burmanno
620 793 822 832 restituta
846 790 1137 834 Buttmannus
1155 793 1394 850 probavit.)
1461 797 1624 841 Omnia

149 869 238 911 iam
277 881 395 912 recta
441 881 482 913 et
518 886 574 912 ex
610 873 851 929 perspicuis
881 873 1132 929 depravatae
1163 876 1390 932 scripturae
1424 881 1624 935 vestigiis

149 960 290 992 eruta.
356 950 545 993 Grandis
578 950 700 993 illius
733 954 919 994 oratoris
950 952 1315 1004 viQuintilianus
1347 957 1504 1000 iudicis
1530 961 1623 1001 ani-

149 1044 267 1072 mum
299 1032 342 1073 in
375 1047 546 1073 omnem
579 1030 774 1073 habitum
808 1031 918 1089 fingi
950 1035 1026 1074 ait.
1106 1033 1239 1076 Error
1270 1044 1391 1077 ortus
1426 1048 1492 1078 est
1524 1054 1621 1094 par-

147 1111 223 1152 tim
250 1125 304 1152 ex
334 1126 401 1163 eo,
437 1111 575 1168 quod,
607 1126 737 1167 quum
771 1111 844 1152 Ιιιέ
878 1113 1110 1168 quinquies
1144 1115 1271 1155 initio
1304 1118 1621 1160 sententiarum

145 1191 337 1246 positum
372 1202 504 1244 esset,
534 1192 719 1233 eundem
753 1193 1024 1248 pronominis
1059 1208 1206 1236 casum
1240 1194 1323 1237 hoc
1354 1194 1451 1237 loco
1486 1196 1621 1239 libra-

144 1271 236 1312 rius
267 1273 466 1329 scripsit,
519 1273 580 1314 ita
613 1282 756 1314 tamen
792 1282 837 1313 ut
869 1271 1055 1314 ablativi
1087 1275 1277 1330 vestigia
1309 1287 1537 1318 manerent
1574 1279 1616 1319 in

145 1350 300 1392 dicunt
332 1357 376 1392 te
407 1361 449 1393 et
481 1352 591 1393 dicte
621 1358 685 1404 te,
718 1354 873 1409 partim
907 1367 967 1393 ex
1000 1355 1341 1396 commutatione
1370 1355 1617 1400 litterarum

142 1428 167 1470 b
195 1440 239 1472 et
274 1446 326 1483 v,
365 1432 729 1488 quemadmodum
771 1442 814 1474 et
855 1434 899 1474 in
931 1432 1187 1475 Florentino
1228 1443 1272 1475 et
1303 1437 1349 1477 in
1381 1434 1617 1480 Turtcensi

139 1526 218 1567 pro
254 1511 491 1567 inspirabit
521 1512 730 1569 scriptum
762 1522 829 1554 est
862 1517 1112 1568 inspe‘ravil.
1176 1513 1304 1564 Quod
1334 1516 1437 1558 deor
1452 1518 1614 1572 addidi,

138 1593 222 1633 etsi
255 1607 339 1633 non
373 1592 604 1634 admodum
639 1591 831 1644 affirmo,
877 1608 1028 1634 verum
1061 1603 1206 1635 tamen
1239 1610 1307 1636 me
1340 1597 1503 1640 vidisse
1535 1615 1613 1656 pu-

138 1681 217 1722 to;1
249 1683 323 1714 aut
364 1676 478 1714 enim
522 1673 769 1729 appellabit
813 1675 970 1714 mutari
1009 1675 1050 1714 in
1095 1673 1213 1716 aliud
1248 1674 1431 1718 verbum
1465 1677 1611 1732 debet,

135 1753 180 1794 in
213 1768 298 1810 quo
327 1754 498 1795 codices
537 1754 814 1794 consentiunt
844 1755 946 1808 (nisi
971 1754 1083 1810 quod
1119 1756 1363 1809 appellavi!
1389 1757 1609 1814 scribitur)

134 1846 215 1874 nec
249 1831 338 1874 ulla
363 1834 516 1875 ‘mvndi
560 1835 686 1890 origo
723 1844 797 1875 aut
831 1849 962 1876 causa
992 1833 1184 1890 intelligi
1219 1845 1387 1891 potest,
1430 1847 1505 1879 aut
1535 1841 1609 1881 ad-

133 1913 323 1954 dendum
368 1913 477 1955 illud
521 1913 782 1955 vocabulum
817 1924 899 1964 est,
927 1916 1146 1955 sententia
1179 1917 1310 1956 etiam
1342 1917 1595 1972 postulante

133 2000 224 2034 tum
264 2003 362 2050 post
393 1993 513 2034 videt
557 1997 624 2045 (ut
656 2004 722 2034 est
753 1996 795 2035 in
829 1993 1087 2035 Florentino
1119 2003 1161 2035 et
1197 1993 1368 2036 duobus
1403 1996 1503 2039 aliis
1535 2014 1606 2040 co-

131 2071 325 2123 dicibus)
373 2083 447 2114 aut
489 2074 612 2115 iudet
649 2075 713 2128 (ut
752 2083 818 2115 est
862 2075 904 2115 in
942 2073 1195 2128 Tur-icensi)
1229 2075 1359 2117 facile
1395 2079 1603 2120 excidero.

129 2154 287 2210 potuit.
350 2150 470 2194 Deos
506 2154 641 2194 iudex
675 2153 899 2210 appellat,
936 2168 1066 2210 quum
1099 2153 1281 2196 sceleris
1316 2165 1391 2197 aut
1425 2157 1603 2200 calami-

127 2235 231 2274 tatis
257 2231 445 2274 alicuius
477 2235 633 2290 grandi
674 2244 715 2275 et
751 2234 1001 2275 vehementi
1033 2235 1329 2291 descriptione
1359 2249 1603 2282 commotus

126 2326 286 2354 nomen
335 2327 485 2354 eorum
531 2313 824 2355 exclamando
867 2324 1048 2370 usurpat
1092 2313 1310 2370 fidemque
1340 2315 1601 2360 obtestatur.

122 2391 309 2449 Rapitur
339 2401 483 2434 autem
519 2394 561 2434 vi
594 2394 779 2435 dicentis
810 2393 945 2434 iudex
978 2403 1021 2434 et
1051 2408 1128 2448 per
1148 2408 1300 2435 omnes
1318 2395 1598 2438 affectusillo

124 2471 380 2513 moderante
416 2487 522 2514 mox
556 2473 638 2516 huc
672 2489 777 2516 mox
809 2474 916 2517 illuc
946 2471 1138 2516 trahitur
1168 2472 1501 2532 trahentemquo
1527 2492 1597 2519 se-

121 2553 285 2608 quitur.
309 2551 342 2605 ¹)

143 2747 175 2789 ι)
205 2743 365 2790 [lniuria
393 2745 598 2794 Zumptius
635 2746 694 2782 hic
730 2744 950 2781 necessario
985 2744 1230 2781 retinendum
1264 2750 1377 2794 putat
1411 2759 1482 2783 nec
1515 2750 1592 2783 aui⁶

208 2807 426 2851 mulvertit,
451 2809 616 2857 repetito
644 2809 700 2844 illi
727 2811 786 2845 Ιιίε
805 2808 1004 2857 aptissime
1028 2807 1169 2843 subiici
1196 2811 1263 2844 hoc
1288 2811 1452 2852 dicente,
1476 2816 1520 2844 ut
1545 2810 1591 2845 al»

208 2873 361 2906 oratore
397 2871 481 2917 ipso
518 2872 564 2909 ad
601 2873 768 2910 iudicem
803 2873 886 2910 cius
923 2871 1138 2910 orationem
1171 2872 1288 2908 animi
1313 2877 1422 2910 motu
1454 2872 1591 2909 subsc<

1267 2948 1333 2981 23⁴*
