1821 3309
287 189 383 240 176

211 331 403 386 gemunt.
466 325 534 369 Ac
574 325 737 368 malum
777 325 848 367 hic
880 323 1221 380 intelligendum
1263 338 1379 376 esse,
1420 327 1683 370 Schurzflei-

214 409 361 451 schius
391 406 517 457 vidit,
549 420 629 447 nec
658 405 787 447 aliter
817 412 946 446 vetus
976 404 1239 446 scholiastes
1267 406 1448 462 accepit.
1471 406 1505 460 1)
1565 417 1569 419 ’

327 487 416 530 Sed
456 485 509 526 de
550 484 634 526 hoc
663 499 826 541 genere
857 484 964 525 satis
995 484 1158 525 dictum
1193 492 1287 536 est3
1328 499 1430 527 nam
1460 483 1572 526 illud
1606 485 1684 527 vix

215 566 512 610 admonitione
554 564 751 620 dignum,
795 562 909 606 male
949 563 995 604 in
1036 565 1171 605 satira
1210 563 1301 606 VII
1333 578 1376 606 v.
1406 565 1464 605 36
1493 577 1586 620 sqq.
1621 563 1686 605 sic

215 645 428 702 distingui
457 641 614 685 verba:

482 744 647 799 Accipe
682 757 796 784 nunc
826 751 957 794 artes,
989 756 1043 783 ne
1076 741 1178 797 quid
1211 740 1291 783 tibi
1324 742 1522 784 conferat
1555 744 1655 796 iste,

484 822 628 872 Quem
646 821 769 873 colis,
787 830 830 863 et
845 821 1073 863 Musarum
1103 829 1146 862 et
1164 819 1385 877 Apollinis
1409 822 1501 863 aede
1518 821 1686 864 relicta.

218 926 331 969 Nam
362 926 405 966 in
440 924 522 966 hac
549 925 857 965 coniunctione
889 937 944 965 ne
975 924 1198 979 pertinere
1232 923 1420 965 debebat
1451 923 1504 965 ad
1536 926 1689 979 accipe

219 1007 386 1060 (accipe
415 1011 532 1043 artes
564 1004 658 1043 eius
691 1017 742 1043 eo
775 1002 975 1053 consilio,
1007 1005 1112 1056 ne);
1144 1002 1258 1058 quod
1293 1016 1424 1057 quum
1459 1003 1689 1044 sententiae

219 1090 450 1139 repugnet,
483 1082 546 1122 sic
581 1090 826 1136 exponunt,
859 1080 1213 1136 supplementum
1250 1096 1274 1123 a
1301 1095 1364 1132 se,
1393 1095 1480 1123 non
1511 1095 1531 1121 a
1561 1080 1691 1122 Iuve-

221 1162 320 1204 nale
361 1168 606 1202 sumentes:
650 1159 779 1201 ”audi
814 1167 946 1211 artes,
988 1158 1148 1215 quibus
1189 1158 1267 1200 ille
1308 1160 1459 1210 utitur,
1494 1159 1574 1200 ne”
1609 1166 1691 1200 etc.

222 1241 510 1284 Scribendum
539 1246 656 1279 erat:

487 1337 653 1393 Accipe
685 1351 798 1378 nunc
828 1345 960 1382 artes.
1020 1335 1087 1377 Ne
1123 1337 1223 1392 quid
1256 1336 1335 1377 tibi
1365 1337 1562 1379 conferat
1593 1339 1692 1389 iste,

490 1417 632 1466 Quem
665 1416 774 1457 colis
805 1425 847 1457 et
861 1415 1090 1458 Musarum
1110 1423 1152 1456 et
1169 1414 1393 1471 Apollinis
1414 1416 1506 1457 aede
1526 1415 1696 1468 relicta,

489 1496 590 1552 Ipse
622 1496 726 1537 facit
760 1509 915 1536 versus
946 1502 1028 1535 etc.

223 1601 373 1644 Placet
403 1598 471 1640 his
498 1597 758 1640 subnectere
783 1596 945 1648 locum,
976 1597 1019 1637 in
1052 1609 1137 1651 quo
1161 1595 1362 1650 syntaxis
1386 1595 1527 1638 forma
1558 1596 1693 1637 inter-

226 1688 371 1735 pretes
424 1677 597 1719 fefellit.
663 1676 714 1717 In
772 1677 907 1717 satira
959 1676 1101 1730 prima
1157 1688 1289 1715 versu
1347 1674 1425 1716 155
1467 1689 1561 1732 sqq.
1605 1674 1697 1716 haec

224 1758 452 1814 leguntur:

493 1856 613 1897 Pone
637 1853 935 1910 Tigellinum:
970 1853 1080 1894 taeda
1110 1852 1279 1895 lucebis
1310 1854 1354 1894 in
1381 1852 1475 1906 illa,

497 1935 596 1984 Qua
626 1942 792 1975 stantes
824 1933 991 1982 ardent,
1027 1933 1099 1987 qui
1134 1930 1229 1972 fixo
1261 1940 1438 1987 gutture
1469 1932 1656 1984 fumant,

496 2014 551 2054 Et
581 2013 720 2054 latum
752 2012 895 2053 media
927 2010 1094 2052 sulcum
1126 2010 1294 2051 diducis
1325 2025 1475 2052 arena.

230 2119 303 2159 Sic
338 2117 453 2156 enim
480 2115 717 2170 Rupertius
750 2115 795 2154 in
829 2113 1021 2154 secunda
1055 2112 1247 2153 editione
1279 2113 1471 2167 scripsit,
1503 2111 1699 2162 dc‘clucz'83

231 2196 454 2236 Gesner-us
500 2201 543 2234 et
579 2191 656 2231 alii
695 2191 876 2232 deducis
921 2190 1054 2231 scribi
1100 2189 1283 2240 malunt,
1331 2189 1552 2230 hominem
1586 2202 1700 2230 unco

231 2289 308 2330 per
346 2285 523 2313 arenam
566 2277 750 2310 tractum
783 2268 1112 2324 intelligentes3
1152 2282 1260 2323 quos
1294 2281 1444 2308 onmes
1478 2267 1703 2322 redarguit

233 2366 318 2392 non
364 2359 450 2390 tam
495 2348 691 2389 codicum
737 2348 1000 2398 auctoritas,
1051 2347 1223 2387 tertiam
1268 2345 1398 2386 huius
1439 2343 1563 2386 verbi
1605 2359 1703 2400 pcr-

233 2442 385 2470 sonam
429 2427 673 2477 tuentium,
736 2440 862 2481 quam
907 2425 1193 2481 grammatica
1244 2425 1357 2465 ratio
1405 2421 1597 2476 simplex
1661 2429 1704 2462 et

217 2610 222 2614 ’
264 2614 293 2655 ¹)
331 2610 597 2654 [Heinrichius
632 2611 827 2645 nim-moris
863 2610 1001 2644 incerti
1022 2608 1097 2654 legi
1126 2607 1222 2650 vult,
1262 2606 1484 2642 coniectura
1510 2609 1548 2639 ct
1573 2603 1706 2639 inutili

331 2676 369 2705 ct
406 2671 568 2705 infelici.
621 2672 789 2706 Omnino
825 2671 889 2705 vix
924 2670 1000 2704 dici
1026 2674 1177 2716 potest,
1220 2673 1404 2715 quantum
1439 2665 1704 2701 commentarii

331 2731 601 2765 llcinrichiani
628 2732 751 2779 sinfra
794 2732 932 2766 famam
975 2735 1013 2765 ct
1053 2730 1376 2776 exspectationem
1421 2727 1565 2773 reperti
1615 2726 1707 2768 sint9

333 2803 522 2839 quamque
547 2804 663 2838 pravo
690 2793 864 2826 acumine
891 2803 989 2838 saepc
1015 2803 1104 2826 sana
1130 2788 1372 2837 perverterit,
1398 2793 1528 2834 aperta
1556 2791 1594 2821 et
1621 2799 1702 2834 pcr-

334 2853 467 2900 spicua
495 2853 675 2888 inanibus
703 2853 990 2900 suspicionibus
1018 2857 1055 2888 ct
1082 2849 1330 2899 opinionibus
1357 2847 1646 2892 obscuraverit]
