1821 3309
326 193 425 241 262

261 332 522 381 discrimine,
567 331 640 370 sed
687 340 728 369 ut
772 330 1012 372 faciliorem
1052 333 1264 372 rationem
1309 333 1479 374 sortitio
1520 333 1715 384 haberet,

261 424 388 465 quum
434 409 582 449 eodem
621 415 814 464 tempore
849 409 973 464 plura
1004 410 1162 450 iudicia
1190 418 1516 452 exercerentur.
1574 411 1716 453 Aure-

263 488 321 528 lia
352 487 451 543 lege
487 496 573 528 tres
607 487 728 528 factae
759 497 856 528 suut
892 489 1091 539 decuriae,
1123 487 1307 543 singulae
1339 502 1397 528 ex
1428 488 1616 546 singulis
1650 504 1718 531 or·

263 565 453 616 (linibus,
493 567 552 606 ita
595 574 654 616 ut,
698 565 882 606 sublatis
928 581 953 606 a
985 565 1156 608 Caesare
1197 567 1383 607 tribunis
1414 569 1593 618 aerariis,
1623 567 1718 609 duae

266 644 426 685 relictae
477 645 577 695 sint,
623 645 734 699 quod
781 643 1044 700 intelligitur
1089 659 1146 685 ex
1190 647 1243 685 iis
1283 644 1408 696 locis,
1448 644 1523 686 ubi
1565 644 1720 686 Cicero

266 722 327 763 M.
359 722 541 763 Antonii
572 721 715 778 legem
746 722 993 763 iudicialem
1027 732 1350 764 commemorat.
1412 723 1532 776 (vid.
1566 738 1610 778 p.
1638 724 1723 764 256

264 803 368 854 not.)
427 801 498 841 Ex
541 800 608 841 his
643 802 685 840 in
726 800 912 855 publicis
944 803 1085 842 causis
1116 800 1296 856 :equalis
1340 801 1527 842 iudicum
1571 814 1721 842 nume·

264 894 337 920 rus
380 880 491 920 sumi
526 877 726 919 debebat.
797 880 882 921 Sed
925 881 969 920 in
1003 878 1064 920 M.
1113 880 1263 921 Scauri
1311 893 1441 920 causa
1483 879 1723 920 sententias

266 958 418 999 tulisse
455 965 680 998 senatores
717 959 794 1007 22,
848 959 1016 1013 equites
1054 959 1134 1009 23,
1187 958 1383 998 tribunos
1425 958 1604 998 aerarios
1660 957 1722 1010 (ut

266 1036 423 1088 editur)
454 1037 525 1084 25,
555 1036 773 1076 Asconius
804 1035 954 1076 scribit
989 1037 1159 1088 (comm.
1189 1036 1432 1090 extremo);
1462 1037 1506 1076 in
1541 1034 1723 1076 Milonis

265 1122 408 1154 autem
439 1127 569 1154 causa
589 1122 814 1154 senatores
838 1116 905 1165 18,
936 1115 1105 1168 equites
1130 1116 1196 1163 17,
1225 1113 1422 1154 tribunos
1452 1115 1522 1162 16,
1550 1113 1723 1154 eodem-

266 1207 347 1246 que
378 1206 558 1232 numero
592 1194 635 1232 in
667 1191 730 1232 M.
760 1191 941 1242 Saufeii,
969 1193 1038 1246 qui
1068 1192 1219 1231 eodem
1249 1201 1460 1246 tempore,
1490 1205 1574 1246 quo
1595 1190 1724 1242 Milo,

267 1271 416 1311 eadem
438 1270 538 1324 lege
565 1277 790 1309 accusatus
818 1277 896 1308 est.
962 1268 1145 1322 opinor,
1173 1271 1216 1309 in
1247 1270 1558 1310 commentario
1590 1269 1723 1310 Scau-

264 1349 395 1388 riauze
430 1349 573 1400 ipsum
603 1345 842 1386 Asconium
877 1347 933 1384 24
965 1345 1161 1386 tribunos
1199 1348 1453 1401 scripsisse3
1493 1348 1724 1388 universus

266 1427 381 1466 enim
421 1425 609 1465 iudicum
654 1437 858 1464 numerus
899 1424 1090 1463 ternario
1135 1423 1271 1464 dividi
1301 1425 1497 1478 potuisse
1540 1425 1726 1475 videtur,

266 1504 340 1544 sed
375 1502 429 1544 ob
464 1517 638 1544 causam
673 1502 865 1557 aliquam
899 1503 1094 1557 ignotam
1130 1503 1498 1557 (superstitionem
1533 1501 1723 1557 aliquam

264 1582 400 1623 fuisse
418 1582 558 1636 puto),
585 1580 863 1622 observatum
890 1594 1004 1627 esse,
1026 1588 1071 1620 ut
1097 1594 1183 1621 uno
1209 1581 1435 1621 differrent
1452 1579 1724 1635 singulorum

266 1662 463 1701 ordinum
507 1661 688 1700 numeri.
719 1660 748 1711 ¹)
828 1657 1018 1714 [Saltem
1061 1657 1173 1713 legis
1218 1658 1436 1715 Pompeia}
1480 1658 1571 1700 haec
1614 1659 1726 1700 ratio

359 1805 426 1836 184
452 1815 568 1837 emm-c
595 1802 800 1845 dcem-inm)
839 1800 982 1834 dicitur
1007 1812 1075 1846 pro
1105 1811 1162 1841 eo,
1187 1801 1290 1847 quod
1316 1805 1385 1842 est,
1412 1802 1536 1841 loetum?
1554 1802 1594 1835 in
1619 1802 1725 1835 decu-

359 1864 430 1903 ria,
456 1861 826 1909 comparandumque
850 1860 925 1895 hoc
951 1873 1037 1895 cum
1064 1872 1121 1901 co,
1147 1861 1249 1907 quod
1274 1861 1321 1895 de
1348 1861 1491 1903 011211,
1518 1865 1574 1901 12,
1600 1864 1645 1896 43
1671 1861 1725 1896 di-

358 1923 479 1957 citur:
504 1936 691 1958 viennen-um
719 1923 891 1956 obtinent
918 1924 999 1957 iure
1025 1934 1215 1962 censorum,
1251 1922 1326 1956 hoc
1353 1927 1425 1961 est,
1450 1924 1570 1959 locum
1595 1924 1634 1957 in
1660 1935 1725 1957 ηει-

358 1999 464 2020 mcro.
524 1985 582 2019 De
618 1984 786 2018 decuriis
825 1982 997 2017 iudicum
1033 1995 1144 2029 quam
1178 1983 1288 2017 video
1314 1994 1400 2017 cum
1424 1982 1537 2017 laude
1565 1993 1726 2017 comme·

357 2047 496 2080 morari
522 2046 831 2080 dissertationem
856 2044 894 2077 J.
920 2045 962 2080 T.
989 2043 1142 2078 Rrebsii
1170 2043 1227 2087 (in
1251 2044 1450 2090 opusculis
1477 2044 1582 2085 cius,
1622 2043 1726 2090 Lips.

361 2111 484 2150 1778),
509 2119 551 2141 ca
576 2119 665 2141 vcro
692 2108 863 2152 exiguam
888 2106 1039 2139 laudem
1065 2110 1246 2144 merctur,
1282 2105 1413 2139 multis
1438 2105 1633 2140 erroribus
1659 2105 1724 2138 im-

358 2168 510 2213 plicata.
559 2168 723 2213 Decepit
747 2167 939 2201 hominem
965 2165 1210 2210 diligentem,
1245 2165 1312 2199 sed
1330 2166 1596 2200 institutorum
1630 2165 1727 2212 reip.

360 2228 467 2262 Rom.
516 2240 650 2273 parum
687 2227 854 2274 peritum
893 2226 1054 2260 maxime
1094 2225 1214 2260 Plinii
1250 2225 1359 2260 locus
1405 2226 1445 2260 in
1481 2226 1528 2260 Η.
1553 2226 1598 2262 Ν.
1623 2226 1725 2261 libro

359 2288 553 2329 xxxin,
588 2294 631 2331 7,
667 2288 732 2322 ubi
771 2289 804 2322 is
836 2299 905 2322 suo
931 2299 1039 2322 more
1064 2287 1333 2321 declamatorie
1360 2298 1484 2334 neque
1513 2299 1574 2321 res
1601 2299 1726 2334 neque

358 2350 509 2383 nomina
536 2361 659 2396 neque
686 2355 853 2396 tempora
869 2349 1110 2394 distinguens
1134 2348 1320 2383 nonnulla
1345 2347 1392 2382 dc
1418 2348 1612 2382 iudicibus
1637 2359 1723 2383 con-

359 2411 498 2456 gessit‚
548 2411 650 2446 inter
693 2423 775 2457 quae
806 2410 878 2445 hoc
917 2421 1068 2456 quoquc
1095 2414 1250 2450 narrat,
1301 2409 1476 2444 decurias
1525 2408 1726 2456 ”pluribus

359 2473 541 2506 discretas
569 2473 688 2507 fuisse
711 2472 952 2511 nominihus,
990 2470 1230 2504 tribunorum
1259 2470 1344 2504 aeris
1371 2475 1408 2504 ct
1432 2471 1662 2505 selectorum
1687 2475 1724 2504 et

358 2534 570 2568 iudicum.’'
620 2533 795 2568 Decuriae
832 2538 939 2566 erant
964 2532 1134 2566 iudicum
1169 2531 1420 2574 selectorum,
1461 2536 1499 2566 ct
1533 2531 1573 2566 in
1599 2541 1726 2565 earum

361 2607 434 2628 una
461 2600 567 2629 erant
595 2594 749 2629 tribuni.

305 2659 328 2693 ι)
368 2657 480 2697 Quod
507 2657 683 2690 Baiterus
719 2656 764 2689 ad
790 2660 990 2690 comment.
1017 2655 1233 2689 scuni-ianm
1260 2654 1384 2686 utitur
1411 2650 1723 2685 verbis-scholia-

363 2721 427 2749 θυι)
455 2717 697 2750 Amin-usiani
726 2717 763 2750 in
790 2722 882 2753 orat.
911 2717 949 2750 in
975 2716 1086 2752 (flod.
1113 2721 1150 2749 ct
1178 2715 1269 2749 Cur.
1295 2726 1331 2759 1».
1355 2717 1437 2752 339,
1464 2724 1505 2746 ea
1531 2711 1725 2759 pertinent

363 2777 406 2809 :ul
442 2783 635 2811 senatores
679 2778 827 2810 tertiam
864 2783 1008 2823 partem
1055 2775 1332 2811 sententiarum
1369 2777 1565 2813 tenentes,
1608 2784 1725 2818 quum

364 2839 506 2881 equites
544 2843 577 2872 vt
616 2838 761 2872 tribuni
798 2839 887 2873 niu-‚s
928 2839 1057 2873 tertiat-
1085 2838 1291 2879 hahet-cnm
1323 2836 1391 2869 cfr.
1419 2847 1450 2882 ,ι
1480 2838 1558 2869 229⁴
1613 2833 1721 2868 Scor-
