1821 3309
1445 159 1538 209 107

141 297 248 349 (vid.
280 295 424 338 Plaut.
454 296 556 340 Mil,
588 295 660 338 Gi.
694 297 752 349 ΙΙ,
785 300 826 348 2,
860 299 930 349 62,
964 297 1144 339 Terent.
1179 297 1340 339 Heaut.
1373 298 1453 350 IV,
1485 303 1513 340 4
1539 302 1615 355 (6),

138 376 207 424 22,
242 374 418 416 Phorm.
445 375 526 427 ΙΙΙ,
555 377 598 426 5,
628 377 700 425 29,
734 375 825 417 Cic.
856 391 933 429 pro
966 375 1080 417 Mur.
1103 378 1173 427 31,
1207 378 1277 427 65,
1310 377 1362 418 ad
1380 378 1615 430 Fam.VII,

141 455 219 504 18,
253 454 305 494 ad
338 453 432 494 Att.
462 454 518 505 ΙΙ,
549 456 617 504 24,
651 457 690 504 1,
724 455 778 494 ad
813 453 898 502 Qu.
930 454 999 494 Fr.
1032 452 1091 503 ΙΙ,
1126 455 1193 503 12,
1222 455 1266 502 5,
1313 455 1412 496 Liv.
1447 457 1507 506 V,
1543 460 1613 509 53,

136 532 178 581 3,
204 530 290 582 IX,
322 533 373 571 11
408 541 523 573 extr.
559 531 772 587 (mor-alus
803 535 863 572 se‘t
896 532 1065 585 nemo);
1099 531 1372 581 nevefaerz's
1400 547 1616 586 assensus,

141 606 233 650 Cic.
270 609 408 650 Aead.
441 609 483 651 ΙΙ
514 609 536 664 §
568 611 675 660 1253
707 624 761 651 ne
792 616 936 650 lamen
970 614 1150 650 territus
1170 609 1341 660 ficere's,
1376 611 1615 655 Tac.Hist.

138 686 174 739 Ι,
207 689 285 740 163
334 702 389 729 ue
427 692 607 743 pigrere
638 691 842 744 praesenti
874 698 1070 744 tempore
1105 688 1267 740 semel,
1317 691 1430 746 quod
1464 693 1613 741 sciam,

140 763 294 807 Cicero
330 768 489 822 posuit,
523 767 577 808 ad
610 767 701 808 Att.
722 767 852 817 XIV,
886 769 946 821 1).
1013 767 1060 808 Id
1094 782 1147 808 ne
1180 783 1306 823 quem
1341 780 1616 812 commoveat

138 853 344 899 tanquam
394 846 446 886 ad
493 845 734 900 perfectum
780 861 910 902 quam
958 848 1011 887 ad
1044 847 1237 888 futurum
1272 849 1405 888 activi
1442 863 1614 890 accom-

143 923 359 964 modatius
405 947 462 955 —-
506 924 769 979 (quanquam
804 940 930 979 quem
968 927 1126 980 poterit
1160 940 1355 975 movere,
1389 941 1518 980 quum
1554 929 1617 967 vi·

140 1001 240 1043 deat
290 1001 370 1042 illa
425 1006 643 1051 eut-assis,
692 1006 884 1042 excessis
926 1012 1048 1053 cett.‚
1104 1017 1198 1058 quae
1260 1003 1452 1058 perfecta
1509 1019 1618 1045 nun-

141 1094 267 1136 quam
313 1079 473 1129 fiunto
519 1102 574 1111 --
618 1081 694 1121 sed
738 1089 882 1121 tamen
928 1095 980 1121 ne
1029 1083 1124 1137 quis
1171 1082 1409 1123 admiretur
1444 1083 1617 1133 saltem,

140 1158 373 1199 tenendum
399 1167 478 1210 est,
510 1173 650 1215 genus
682 1159 764 1200 hoc
798 1158 1005 1215 loquendi
1039 1171 1128 1200 tum
1165 1161 1338 1201 demum
1373 1171 1512 1202 ortum
1549 1177 1616 1204 es-

139 1251 204 1289 se,
237 1252 369 1293 quum
390 1236 585 1286 fecerim
619 1239 702 1278 iam
727 1240 855 1279 etiam
889 1253 963 1295 pro
986 1240 1179 1295 perfecto
1215 1241 1480 1281 coniunctivi
1503 1241 1615 1282 haud

140 1314 272 1357 dubie
305 1325 450 1363 esset,
502 1318 571 1357 cui
615 1332 745 1372 quum
792 1332 850 1358 ex
897 1318 977 1359 hac
1023 1328 1143 1374 parte
1176 1319 1460 1372 responderet
1493 1319 1616 1361 verbi

143 1408 275 1435 causa
307 1398 490 1435 miratus
516 1400 611 1445 sim,
641 1411 737 1436 eam
772 1396 1021 1452 analogiam
1062 1397 1303 1437 traductam
1340 1411 1436 1438 esse
1469 1399 1617 1448 etiam,

142 1482 186 1512 ut
206 1470 270 1523 fit,
305 1472 357 1511 ad
393 1487 490 1513 eum
527 1488 653 1514 usum
676 1475 824 1514 forma:
844 1474 1055 1526 secet-lm,
1089 1477 1157 1516 cui
1190 1490 1266 1516 nec
1299 1475 1378 1516 illa
1411 1491 1489 1517 nec
1521 1475 1615 1518 ulla

140 1549 227 1591 alia
259 1552 425 1605 passivi
456 1551 596 1592 forma
627 1553 934 1608 responderet,
981 1554 1098 1607 (nam
1129 1556 1260 1594 etiam
1283 1553 1439 1603 feceris
1471 1569 1618 1596 asseu-

139 1643 209 1670 sus
227 1630 354 1670 nimis
373 1644 629 1686 expressam
646 1630 833 1672 habebat
848 1634 1053 1687 przeteriti
1068 1631 1471 1688 significationem),
1487 1635 1616 1690 idque

139 1723 190 1749 eo
222 1708 412 1759 facilius,
446 1709 558 1764 quod
595 1718 637 1749 et
668 1724 745 1764 pro
778 1710 923 1751 futuro
958 1720 1116 1751 exacto
1151 1713 1419 1752 coniunctivi
1451 1715 1616 1768 passivi

141 1786 220 1829 illo
254 1787 448 1843 perfecto
477 1788 539 1828 uti
572 1797 850 1843 cogerentur,
883 1799 927 1831 ut
959 1803 1091 1846 supra
1127 1789 1287 1831 dictum
1319 1800 1400 1841 est,
1433 1800 1617 1833 nectam

235 2038 305 2074 pro
332 2028 449 2062 vestrl
471 2028 639 2074 posuit),
669 2027 735 2062 sed
764 2033 806 2061 ut
834 2028 999 2075 possint,
1026 2028 1118 2075 quid
1145 2029 1349 2064 absurdius
1381 2043 1493 2078 quam
1516 2031 1615 2067 llan-

240 2088 407 2123 nibalem
448 2089 581 2123 induci
609 2090 800 2123 Romanos
841 2090 1111 2124 defendentem
1140 2096 1177 2125 et
1204 2092 1446 2126 crudelitatis
1475 2093 1619 2128 erimen

236 2150 281 2186 ab
320 2151 369 2185 iis
413 2156 702 2186 removentem?
741 2151 875 2198 ltaque
916 2152 1221 2187 emendationem
1258 2158 1408 2188 tentant
1440 2155 1621 2190 editores.

236 2212 312 2248 Sed
345 2226 480 2260 parum
518 2214 723 2247 attendunt
759 2214 804 2247 ad
832 2226 886 2255 ea,
926 2225 1009 2261 qua!
1038 2220 1267 2262 sequuntur,
1302 2216 1342 2250 in
1370 2217 1511 2264 quihus
1538 2217 1619 2252 hae(-

236 2275 334 2310 ratio
371 2276 580 2322 superioris
616 2276 817 2310 sententia?
859 2276 1089 2311 subiicitur:
1140 2279 1260 2312 Nulla
1305 2292 1447 2326 maglna
1482 2281 1619 2314 civitas

236 2338 300 2372 ‹lae'u
326 2339 517 2385 quiescere
541 2344 687 2383 potest;
732 2339 766 2371 εἰ
788 2338 886 2383 soris
912 2341 1050 2374 hostem
1088 2352 1163 2374 non
1189 2342 1315 2381 habet,
1342 2342 1441 2375 domi
1464 2342 1617 2376 invenie.

236 2396 328 2431 Haec
363 2410 448 2432 eum
489 2399 757 2445 superioribus
795 2399 1056 2442 cohaerebunt,
1095 2402 1126 2434 si
1168 2401 1410 2436 intellectum
1449 2402 1533 2442 erit,
1574 2401 1620 2435 dc

239 2459 312 2494 otio
340 2459 735 2505 Carthaginiensium,
760 2472 837 2493 non
865 2460 911 2493 de
937 2463 1021 2495 odio
1044 2462 1300 2496 Hannibalem
1322 2463 1442 2509 loqui.
1485 2463 1621 2503 Erant,

240 2519 303 2565 qui
335 2532 436 2554 arma
460 2521 647 2568 adempta,
675 2521 850 2554 incensas
878 2533 1007 2563 naves,
1033 2523 1285 2558 interdictum
1312 2525 1479 2559 externis
1506 2524 1620 2560 hellis

242 2592 282 2615 ea
323 2581 506 2628 opinione
556 2583 870 2624 consolarentur,
928 2584 1034 2629 quasi
1077 2596 1120 2619 eo
1160 2586 1287 2632 pretio
1329 2587 1450 2620 otium
1488 2587 1621 2622 saltem

242 2647 410 2689 emptum
459 2649 571 2679 esset.
649 2644 731 2678 Hos
770 2644 965 2680 Hannibal
1000 2645 1168 2684 refellit:
1216 2648 1294 2683 Nec
1330 2654 1407 2691 est,
1454 2662 1519 2685 cur
1557 2662 1622 2685 vos

236 2704 312 2739 octo
337 2711 462 2740 vestro
490 2719 512 2740 a
545 2707 727 2741 Romanis
759 2709 967 2742 consultum
992 2710 1171 2746 credatis.
1224 2712 1300 2755 (Ne
1331 2713 1457 2747 timete
1487 2711 1619 2746 Livius

241 2765 356 2800 semel
377 2766 504 2808 dixit,
545 2767 612 2803 sed
637 2768 678 2803 iu
705 2770 991 2806 asseveratione
1016 2772 1205 2819 superiori
1233 2774 1436 2809 sententiae
1462 2773 1624 2809 adiecta.

246 2824 314 2868 ΙΙΙ,
340 2831 376 2869 2,
404 2833 454 2874 9.)
