1821 3309
238 184 334 236 1¹80

168 327 347 370 illorum
389 323 604 367 reditibus
650 327 814 368 sentire
858 334 901 368 et
941 339 1126 384 magnas
1175 324 1268 367 illis
1307 327 1532 370 mercedes
1574 343 1650 372 ve·

169 409 263 450 nire
297 414 466 463 putare.
487 406 521 459 1)
595 405 787 455 Quinam
819 405 864 447 hi
897 406 1029 448 sunt?
1077 406 1273 448 Primum
1317 407 1506 449 creditor
1548 422 1650 450 cau-

169 488 294 529 sidici
336 487 501 542 ipsius;
543 499 642 526 nam
687 494 734 526 ut
784 485 854 527 hic
896 484 1028 527 fidem
1069 500 1194 528 suam
1239 494 1414 528 tueatur
1447 495 1492 529 et
1526 502 1648 544 spem

170 567 374 608 creditori
403 565 535 606 faciat
563 564 707 606 facilis
739 564 990 617 solutionis,
1037 565 1205 606 reditus
1235 579 1339 607 suos
1371 577 1649 625 exaggerat3

166 645 323 688 deinde
356 644 396 685 id
431 642 496 695 fit,
527 658 657 699 quum
695 646 837 686 acrior
871 647 1004 686 etiam
1035 645 1251 686 creditore
1281 644 1399 688 latus
1427 647 1575 702 tetigit
1606 655 1650 688 et

166 726 307 782 magis
354 723 576 765 homiuem
621 724 838 765 excitavit
879 723 1079 780 litigator
1121 734 1163 766 ct
1201 724 1402 781 litigator
1446 725 1571 766 dives
1605 734 1649 766 et

166 804 342 847 dubiam
376 817 552 845 causam
586 804 795 853 afferens,
827 802 1007 844 dubium
1042 819 1200 845 nomen
1238 813 1421 858 petens3
1455 818 1554 846 nam
1589 803 1644 846 ab

167 886 248 927 hoc
283 899 335 926 co
370 884 508 926 maior
544 897 712 924 merces
748 884 1039 938 exprimetur,
1071 899 1155 940 quo
1184 883 1282 940 plus
1326 882 1462 939 vulgo
1505 885 1646 925 causi·

165 966 307 1006 dicum
351 965 550 1019 accipere
592 962 737 1004 solere
779 963 1079 1014 crcdi‹lcrit.²)
1155 962 1270 1005 Tum
1300 965 1436 1019 igitur
1469 963 1646 1005 menda—

164 1046 231 1086 cia
271 1045 440 1099 spirant
478 1041 632 1083 folles:
690 1050 779 1082 tnm
829 1041 939 1082 adeo
982 1041 1193 1096 praeclare
1224 1057 1304 1084 sua
1338 1044 1517 1098 negotia
1548 1045 1645 1099 geri

165 1124 372 1166 causidici
415 1122 668 1178 przedicant‚
722 1129 769 1161 ut
814 1121 991 1161 invidiae
1036 1136 1094 1162 cx
1140 1123 1275 1163 nimia
1306 1122 1482 1164 fortuna
1522 1123 1643 1165 dete·

161 1204 326 1246 standae
373 1211 414 1243 et
456 1202 614 1243 fascini
645 1200 873 1241 avertendi
904 1215 1036 1242 causa
1070 1209 1218 1242 vetere
1251 1203 1566 1257 superstitione
1598 1204 1642 1244 in

159 1285 303 1325 sinum
330 1282 557 1337 despuant.
620 1279 748 1333 (Nam
782 1278 865 1319 hoc
897 1288 963 1319 est
987 1284 1327 1335 conspuiturque
1357 1284 1494 1333 sinus,
1526 1281 1641 1338 quod

161 1364 269 1404 mire
310 1361 362 1402 de
408 1360 692 1401 vehementia
736 1366 777 1398 et
825 1357 1050 1399 celeritate
1105 1357 1315 1414 loquendi
1371 1359 1643 1417 intelligunt,

160 1443 285 1498 quasi
338 1439 472 1495 vulgo
518 1438 728 1480 causidici
771 1436 959 1478 Romani
1003 1436 1085 1479 hoc
1127 1436 1372 1479 laborarint
1424 1439 1536 1480 vitio
1595 1440 1638 1480 in

159 1522 314 1563 mediis
349 1518 497 1561 verbis
530 1527 704 1574 sputum
743 1527 785 1559 et
829 1531 1028 1573 spumam
1061 1517 1355 1571 einittcntli.³)
1416 1516 1524 1560 Haec
1557 1519 1641 1575 igi·

158 1611 227 1642 tur
269 1601 352 1656 ipsi
396 1599 629 1647 causidici3
675 1612 781 1639 vera
810 1611 960 1638 corum
997 1598 1152 1637 messis
1185 1596 1294 1638 adeo
1335 1594 1388 1638 ab
1424 1595 1505 1638 hac
1541 1611 1640 1639 ver·

160 1680 313 1721 borum
344 1679 554 1720 iactantia
586 1678 733 1728 distat,
767 1686 814 1717 ut
845 1691 958 1718 unus
990 1677 1041 1718 dc
1075 1678 1190 1719 circo
1222 1677 1378 1732 auriga
1409 1675 1509 1733 plus
1538 1690 1639 1733 pos·

158 1760 297 1800 sideat
330 1773 460 1814 quam
504 1765 678 1799 centum
721 1757 945 1798 causidici.

182 1949 213 1992 ¹)
245 1947 414 1982 Mirifice
451 1944 692 1980 Selunidtius
730 1942 951 1989 coniungit:
991 1956 1100 1991 quum
1127 1944 1330 1989 prcecipue,
1359 1949 1544 1980 commate
1571 1944 1632 1980 ‹lc-

246 2010 337 2051 leto,
374 2014 418 2043 ut
453 2008 547 2043 ordo
576 2008 626 2042 sit
650 2008 839 2055 proecipuc
866 2019 989 2053 quum,
1018 2010 1055 2039 et
1082 2005 1128 2039 dc
1154 2005 1223 2039 illo
1249 2005 1382 2052 positu
1408 2006 1522 2040 etiam
1554 2005 1630 2041 dis-

243 2075 365 2117 putat.
427 2070 532 2113 Quid
569 2070 819 2116 perspicuum
845 2072 915 2108 est,
953 2068 984 2101 si
1021 2067 1096 2102 hoe
1122 2080 1200 2102 non
1227 2072 1302 2102 est:
1337 2069 1530 2114 proecipue
1554 2075 1632 2104 tum

246 2138 383 2165 sonan!
400 2158 409 2172 ,
436 2136 576 2178 quum?
619 2132 819 2175 I'rwcipuc
854 2128 1027 2175 pertinet
1063 2128 1110 2162 ad
1137 2135 1237 2168 tntu,
1276 2140 1517 2176 prorsusque
1541 2128 1630 2175 hoe,

245 2192 347 2240 quod
369 2192 578 2238 temporale
603 2197 673 2233 est,
700 2190 999 2225 discernendum
1023 2195 1081 2224 est
1108 2202 1126 2222 a
1148 2192 1359 2236 prteserlc'm
1375 2203 1500 2238 quum,
1527 2191 1631 2238 quod

244 2265 394 2301 semper
431 2265 583 2288 causam
621 2252 826 2299 specialem
863 2252 1040 2298 adiungit
1080 2257 1118 2286 et
1161 2251 1452 2287 coniunctivum
1487 2251 1628 2293 haben

242 2329 321 2350 non
349 2315 502 2362 expedit
525 2327 569 2350 se
595 2315 818 2350 Schmidius
843 2314 890 2348 ud
916 2315 1007 2349 Hor.
1040 2313 1168 2360 Epist.
1194 2313 1244 2355 Π,
1275 2317 1307 2355 1,
1332 2317 1413 2349 262.

170 2382 200 2422 ²)
240 2379 362 2413 Latus
390 2384 573 2424 tangere,
610 2377 715 2425 quod
750 2377 792 2411 in
832 2377 954 2422 elegia
991 2377 1037 2410 de
1065 2375 1177 2410 obitu
1201 2375 1424 2412 Maeeenatis
1451 2389 1485 2414 v.
1510 2382 1557 2413 30
1581 2378 1641 2416 des

244 2453 308 2484 co,
346 2440 412 2488 qui
440 2440 544 2475 ferro
571 2440 773 2480 vulnerat,
797 2440 982 2486 ponitur,
1009 2438 1076 2472 ubi
1107 2449 1152 2472 cx
1177 2442 1359 2472 contexta
1383 2439 1559 2475 oratione
1586 2439 1627 2475 id

241 2508 370 2549 putet,
405 2515 474 2550 per
503 2514 542 2536 sc
568 2514 647 2536 non
672 2502 799 2536 minus
827 2500 1061 2547 generaliter
1087 2500 1232 2534 dieitur
1259 2512 1372 2547 quam
1398 2502 1502 2536 latus
1523 2501 1624 2547 fodi-

242 2579 341 2600 care.
399 2565 486 2599 lloc
518 2564 605 2599 loco
641 2563 878 2609 intelligitur
917 2562 1135 2597 causidicus
1173 2561 1283 2609 quasi
1333 2562 1492 2598 stimulo
1531 2575 1622 2611 quo-

240 2625 324 2659 dam
352 2627 541 2661 excitatus
565 2626 613 2660 ad
639 2625 914 2661 mentiendum.
974 2625 1092 2658 Dives
1118 2624 1293 2670 litigator
1316 2624 1552 2671 intelligitur
1579 2636 1622 2660 ex

242 2687 368 2733 magni
395 2687 541 2722 codicis
568 2688 946 2728 commemoratione,
970 2686 1092 2720 multa
1120 2686 1276 2720 nomina
1307 2686 1557 2722 continentis,

171 2752 204 2793 ³)
241 2749 300 2783 De
337 2749 626 2796 superstitionis
665 2762 803 2795 genere
840 2751 933 2784 satis
973 2750 1047 2784 erit
1081 2747 1297 2794 inspexisse
1322 2747 1421 2782 Plin.
1448 2747 1540 2782 nist
1575 2749 1618 2784 N.

238 2810 433 2853 xxvnt,
458 2815 492 2852 7,
527 2811 698 2859 Interpp.
726 2812 773 2845 ad
798 2812 960 2847 Theoer.
987 2810 1096 2858 ldyll.
1125 2809 1202 2850 Vl,
1238 2812 1305 2850 39,
1339 2808 1486 2844 Iacobs.
1526 2811 1618 2846 Ani-

237 2872 356 2908 madv.
394 2874 434 2909 in
461 2872 672 2920 Antholog.
700 2873 807 2912 Tom.
834 2873 881 2909 11.
910 2886 944 2921 p.
971 2877 1004 2908 2.
1031 2885 1068 2921 p.
1096 2874 1177 2915 346,
1202 2882 1251 2907 ne
1274 2870 1371 2907 alios
1405 2871 1578 2908 excitem.
