1821 3309
1450 141 1543 190 183

130 283 278 339 pergit
305 290 348 323 et
380 289 529 337 urget:
564 281 728 336 “Finge
762 291 922 332 tumen,
955 296 978 322 a
1011 295 1128 321 saevo
1167 288 1350 334 t3rnnno
1385 281 1438 322 ab
1471 282 1611 325 altera

128 362 253 416 parte
313 361 467 402 mortis
513 359 778 415 supplicium
824 359 1071 414 (gladios),
1136 359 1190 400 nb
1236 359 1377 402 alteru
1433 376 1608 403 scenam

128 439 247 496 poni,
282 449 327 480 ut
355 441 468 480 inter
498 438 588 479 hmo
620 439 745 479 detur
777 440 923 494 optio;
956 447 1098 478 utrmn
1134 438 1290 478 melius
1327 440 1441 481 erit}
1474 440 1609 482 Estne

126 519 371 574 quisquam,
420 518 492 573 qui
526 516 724 558 dubitet!
771 518 879 558 adeo
916 518 1068 557 mortis
1100 517 1293 568 timidus,
1335 526 1380 557 ut
1413 520 1507 559 eins
1547 522 1609 560 vi-

126 596 268 637 tandae
302 610 435 638 causa
470 609 517 636 se
550 597 593 643 in
624 610 783 646 scena,
817 594 1004 636 ridicula
1040 605 1245 650 susceptu
1276 611 1489 650 persona,
1523 610 1607 640 tra—

125 676 254 716 ducat
270 674 311 716 'i''
354 675 496 725 Patet,
530 683 576 715 ut
603 675 717 725 dixi,
751 673 861 715 nihil
888 673 1082 715 alienius
1107 689 1204 715 esse
1237 690 1261 716 a
1292 685 1435 716 mente
1467 687 1605 732 poeta:

125 765 166 795 et
202 753 348 795 verbis
376 768 504 811 quam
538 769 690 795 eorum
717 755 997 806 sententiam,
1030 756 1102 809 qui
1137 756 1359 809 optionem
1394 755 1605 798 honestae

125 834 278 875 mortis
328 842 402 874 aut
443 833 561 874 foedi
610 832 811 889 obsequii
858 835 899 874 in
948 834 1170 889 optionem
1215 833 1492 889 gladiatoriae
1529 845 1604 877 aut

124 913 308 954 scenicae
351 926 495 968 operae
537 913 600 953 sic
644 921 828 962 mutant,
876 921 922 952 ut
969 913 1101 952 etium
1144 912 1368 954 Iuvenalis
1403 914 1606 956 homines

126 991 324 1032 hortetur
371 991 424 1032 ad
466 1005 645 1031 arenam
687 991 1035 1050 ingrediendam.
1108 990 1227 1038 Quid
1262 991 1488 1034 Iuvenalis
1529 1009 1606 1048 pro

125 1076 265 1111 ulrum
311 1070 442 1120 dixit,
487 1083 571 1110 non
617 1068 748 1124 plane
792 1071 887 1109 sine
936 1068 1159 1125 exemplo,
1193 1071 1276 1110 etsi
1311 1086 1366 1111 ex
1406 1073 1475 1122 iis,
1512 1087 1605 1128 quau

124 1151 259 1189 citant
303 1148 634 1190 Ruddimannus
676 1147 719 1190 II
752 1163 793 1203 p.
823 1149 880 1189 86
922 1157 965 1189 et
994 1148 1314 1190 l‘tumsliornius
1349 1165 1389 1205 p.
1422 1152 1507 1192 565»
1538 1152 1605 1192 ed.

121 1229 162 1279 2,
196 1226 283 1269 ulia
332 1236 536 1283 corrupta
578 1236 695 1279 sunt,
742 1236 788 1268 ut
832 1225 944 1268 Caes.
976 1225 1025 1268 B.
1066 1227 1119 1268 G.
1152 1228 1209 1279 V,
1242 1230 1313 1281 44,
1345 1229 1421 1270 ubi
1452 1231 1604 1284 optimi

122 1307 294 1348 codices
341 1305 504 1348 habent
549 1312 646 1348 aler
681 1307 830 1358 alleri,
867 1305 955 1346 alia
994 1321 1203 1361 perversa
1241 1309 1605 1363 interpretatione

123 1385 206 1426 linc
238 1393 392 1436 tracta,
421 1394 470 1427 ut
503 1384 595 1427 Cic.
629 1400 707 1441 pro
741 1384 869 1426 l'tosc.
905 1384 1114 1426 Comoed.
1145 1389 1188 1437 7,
1234 1385 1308 1427 ubi
1345 1390 1441 1441 quis·
1482 1401 1603 1443 quem

122 1466 326 1505 universe
365 1464 522 1506 (licitur
573 1464 739 1520 (qualis
781 1464 988 1518 qualem),
1034 1473 1106 1506 aut
1147 1465 1395 1506 incredibili
1440 1481 1604 1518 errore,

124 1553 168 1584 ut
198 1543 294 1585 Liv.
323 1542 529 1595 XXVII,
560 1545 631 1596 40,
664 1558 790 1600 quem
824 1543 969 1584 locum
997 1544 1104 1584 satis
1141 1545 1223 1584 erit
1249 1546 1532 1600 inspexisse3
1563 1556 1605 1588 et

122 1629 268 1665 tutiien
300 1607 634 1674 Ramshornius,
663 1637 716 1664 ne
747 1622 967 1663 videretur
1006 1621 1119 1664 hunc
1157 1621 1300 1664 locum
1331 1639 1417 1665 non
1460 1627 1605 1681 inspe—

119 1711 235 1743 ctum
268 1702 596 1757 transcripsisse
624 1716 648 1742 a
676 1701 998 1752 Ruddimanm,
1030 1702 1124 1756 ipse
1156 1702 1320 1743 addidit
1343 1702 1453 1744 Caes.
1481 1702 1529 1745 B.
1553 1703 1602 1745 C.

211 1887 484 1922 auctoritatem
508 1888 660 1934 reperio
688 1887 771 1921 eius
798 1887 855 1921 rei
881 1898 952 1922 nee
978 1887 1020 1922 in
1045 1887 1163 1922 Plinii
1193 1888 1303 1935 epist.
1336 1887 1404 1930 vl,
1431 1891 1454 1922 5
1481 1888 1599 1923 ullam

208 1949 321 1985 video
350 1949 533 1996 temporis
560 1952 722 1991 notam),
747 1962 779 1983 a.
806 1952 876 1983 855
904 1952 992 1993 (102
1015 1962 1050 1996 p.
1077 1948 1171 1994 Ch.)
1197 1955 1403 1996 praeturam
1430 1950 1598 1996 gessisse

216 2015 407 2054 statuunt,
433 2011 674 2058 eundemque
700 2015 769 2045 sat.
798 2010 866 2052 vl,
899 2013 969 2044 245
996 2011 1234 2045 nominatum
1260 2015 1413 2058 putant,
1438 2011 1601 2046 scholia-

210 2077 308 2107 stam
334 2077 567 2120 sequentes;
599 2084 686 2106 nam
709 2076 833 2119 poetae
871 2071 987 2106 verba
1015 2074 1258 2118 (principium
1285 2078 1323 2108 et
1358 2074 1448 2117 loci)
1477 2073 1600 2108 multo

208 2134 329 2181 magis
349 2139 541 2170 oratorem
563 2147 675 2182 quam
694 2133 959 2180 iurisperitum
983 2133 1214 2180 significant.
1255 2134 1460 2182 Equidem,
1483 2147 1600 2183 quum

207 2209 286 2232 non
321 2197 448 2232 solum
483 2196 585 2230 nihil
623 2195 670 2230 de
706 2194 823 2229 huius
866 2194 970 2230 Celsi
1008 2196 1114 2230 ludis
1153 2200 1191 2232 et
1219 2196 1418 2232 nobilibus
1451 2202 1531 2232 tum
1560 2198 1599 2232 in

209 2270 361 2294 scenam
384 2259 586 2307 productis
613 2258 799 2293 traditum
822 2257 896 2299 sit,
938 2257 1005 2292 sed
1036 2270 1217 2306 perverse
1254 2271 1416 2306 prorsus
1456 2259 1497 2293 in
1524 2260 1599 2293 ista

207 2320 529 2367 interpretatione
563 2320 777 2355 eommunis
815 2324 1030 2366 temporum
1059 2320 1208 2355 macula
1234 2320 1276 2355 in
1308 2334 1427 2356 unum
1456 2333 1599 2355 annum

211 2381 465 2424 conficiatur,
503 2386 609 2417 reete
635 2380 867 2428 Rupertium
893 2381 1062 2416 sensisse
1091 2382 1207 2416 eredo
1223 2408 1234 2423 ‚
1276 2384 1415 2417 celsum
1440 2381 1599 2415 adiecti-

209 2454 299 2476 vum
325 2453 424 2481 esse.
487 2443 701 2489 Aptissime
736 2441 950 2488 amplitudo
987 2443 1165 2488 praetoris
1193 2442 1233 2476 in
1263 2443 1357 2476 sella
1384 2441 1511 2476 curuli
1543 2454 1598 2476 se-

210 2503 338 2538 dentis
367 2503 624 2550 significatur,
647 2508 691 2538 ut
716 2514 760 2537 eo
787 2501 963 2536 acerbius
990 2502 1159 2537 foeditas
1181 2503 1372 2538 nobilium
1397 2503 1597 2538 hominum

209 2565 301 2600 huie
337 2576 379 2601 se
413 2567 516 2601 inter
553 2566 669 2601 vilem
705 2564 943 2599 histrionum
975 2575 1130 2610 gregem
1155 2564 1400 2600 offerentium
1423 2570 1597 2600 notetur.

211 2627 293 2673 [Sic
319 2627 433 2664 etiam
460 2627 727 2662 lleinriehius.
795 2625 939 2660 Contra
968 2626 1011 2660 G.
1040 2627 1087 2662 Ε.
1114 2626 1265 2663 Weber
1292 2639 1337 2663 ex
1363 2627 1470 2662 Celsi
1504 2639 1597 2674 prze-

187 2694 306 2737 lturae
323 2702 438 2732 anno,
465 2702 577 2737 quem
602 2689 710 2724 nullo
743 2688 966 2724 testimonio
995 2689 1210 2732 confirmat,
1245 2689 1460 2735 concludit,
1496 2689 1595 2723 hanc

212 2751 368 2785 satiram
404 2763 483 2786 non
520 2751 703 2798 scriptam
742 2761 826 2786 esse
863 2755 950 2787 ante
975 2764 1006 2786 a.
1036 2754 1100 2787 101
1124 2756 1214 2800 post
1239 2751 1333 2794 Ch.‚
1376 2750 1481 2800 quod
1507 2761 1597 2784 sane

212 2811 372 2849 meliore
399 2817 624 2862 argumento
651 2812 801 2861 pridem
829 2812 1030 2850 constabat
1060 2824 1079 2848 c
1105 2824 1219 2850 versu
1246 2814 1342 2857 120]
