1821 3309
1479 191 1576 241 109

176 332 352 374 Lubens
389 331 474 374 tibi
516 330 623 372 bene
640 331 843 384 faxim);
888 345 948 372 ex
992 330 1095 373 aliis
1127 331 1275 373 verbis
1317 332 1460 375 solum
1491 335 1643 376 inveni

172 412 286 468 apud
318 411 461 452 plaut.
495 409 623 451 Asin.
659 409 717 460 ll,
752 412 793 460 4,
826 412 907 450 96:
938 411 1077 451 Haud
1105 415 1338 464 negassem.
1405 412 1532 461 Quod
1566 428 1642 454 au-

173 501 259 531 tem
296 490 543 543 Zumptius,
578 487 700 529 solus
737 502 760 528 e
791 486 1109 529 recentioribus
1140 491 1457 541 grammaticis,
1491 491 1531 542 (ξ
1557 493 1642 533 527

169 568 313 621 not.l)
348 567 570 607 rarissime
605 566 844 622 perfectum
879 568 1146 609 coniunctivi
1184 569 1408 623 passivum
1441 569 1504 610 sic
1537 571 1642 624 poni

168 645 335 696 scribit,
376 645 418 686 id
464 646 671 686 nimirum
716 644 828 685 hauc
873 643 1006 686 habet
1050 660 1225 688 causam
1271 661 1385 688 nunc
1424 656 1639 702 apertam,

168 725 282 781 quod
327 739 411 765 non
455 724 655 780 perfecti,
695 723 771 764 sed
813 723 949 764 futuri
996 723 1065 764 hic
1111 733 1176 765 est
1211 739 1331 765 usus.
1398 725 1453 766 Et
1480 734 1641 776 tamen,

168 813 213 844 ut
246 802 450 844 Velleius
483 801 740 844 paterculus
781 804 844 844 sic
878 803 1042 843 diceret
1077 801 1134 853 (l,
1166 805 1245 844 18:
1278 817 1417 858 neque
1448 818 1527 859 ego
1559 803 1640 845 lcoc

169 886 308 938 magis
351 886 533 922 miratus
575 885 701 932 sim),
753 881 906 922 eadem
949 881 1168 936 analogiae
1210 881 1386 923 fallacis
1426 882 1640 924 illecebra

169 963 328 1003 factum
359 970 440 1012 est,
473 975 599 1016 quam
631 959 762 1014 paulo
795 967 895 999 ante
928 960 972 998 in
1003 959 1219 999 consimili
1253 974 1416 1014 genere
1449 975 1638 1002 comme-

167 1042 351 1089 moravi,
383 1040 513 1094 idque
546 1039 687 1094 magis
723 1038 854 1078 etiam
888 1038 932 1078 in
966 1036 1086 1077 Livii
1118 1035 1194 1077 lib.
1226 1037 1386 1089 XXII,
1419 1040 1476 1079 59
1506 1053 1639 1095 appa·

164 1128 255 1160 ret:
291 1132 346 1159 ne
375 1118 449 1158 illc
476 1117 647 1172 quidem
666 1140 719 1145 —
740 1129 786 1156 se
814 1114 936 1156 nobis
967 1120 1119 1156 met-ilo
1156 1118 1439 1170 praetulerint
1462 1119 1634 1173 gloria-

164 1202 284 1252 lc'que
314 1201 402 1238 sint
434 1196 512 1237 (stc.
534 1196 565 1248 ¹)
632 1194 752 1236 Idem
785 1194 899 1236 libro
932 1195 1097 1246 XXX,
1140 1196 1194 1235 14
1222 1196 1444 1251 glore‘alaees
1461 1197 1635 1247 fuere‘m

165 1278 226 1318 sic
257 1277 386 1318 dixit.

275 1355 477 1401 Possum,
511 1355 681 1410 opinor,
716 1353 1002 1408 supersedere
1045 1353 1308 1394 refutatione
1357 1354 1553 1410 vulgaris
1585 1356 1637 1396 de

167 1434 358 1490 perfecto
407 1434 675 1475 coniunctivi
711 1431 957 1473 dubitativo
999 1432 1224 1481 doctrinar,
1259 1433 1373 1487 quod
1409 1433 1639 1490 Zumptius

163 1514 204 1567 (ξ
252 1513 357 1563 527)
429 1512 581 1553 eodem
647 1511 775 1552 modo
831 1525 911 1566 pro
967 1520 1181 1566 praesente
1234 1513 1424 1567 positum
1485 1515 1636 1569 opina-

167 1601 264 1642 tur,
317 1605 401 1647 quo
447 1591 639 1631 futurum
689 1598 896 1631 exactum
948 1605 1025 1645 pro
1071 1590 1261 1645 simplici
1314 1593 1502 1647 positum
1557 1607 1637 1634 ex-

161 1669 323 1724 plicare
357 1679 537 1711 conatus
563 1679 643 1710 est.
684 1669 850 1710 Verum
880 1669 1012 1725 longe
1043 1668 1156 1709 alius
1188 1669 1257 1711 hic
1285 1669 1467 1725 fingitur
1498 1680 1638 1713 trans-

158 1752 245 1790 itus
289 1757 331 1789 et
368 1750 441 1804 qui
482 1748 581 1802 plus
624 1748 930 1795 admirationis
976 1747 1161 1795 habeam
1214 1763 1292 1789 nec
1322 1762 1443 1800 sane,
1475 1752 1635 1804 quoin

159 1827 236 1869 illa
278 1841 324 1868 re
368 1840 473 1867 usus
516 1835 610 1868 erat
650 1827 917 1876 discrimine,
961 1826 1200 1868 celeritatis
1246 1835 1287 1868 et
1322 1828 1383 1868 rei
1422 1827 1635 1869 absolutae

160 1904 427 1962 significatio
472 1915 538 1947 est
588 1907 630 1946 in
687 1905 768 1946 hac
813 1905 1064 1946 dubitanter
1106 1905 1279 1946 dicendi
1323 1906 1478 1947 forma.
1544 1906 1636 1948 Alii

160 1993 322 2035 autem,
359 1992 496 2034 utet,
545 1985 619 2039 qui
662 1999 685 2024 e
734 1983 925 2039 perfecto
970 1997 1161 2038 praesens
1204 1981 1302 2024 fieri
1346 1986 1555 2039 potuerit,
1594 1995 1637 2026 et

159 2063 260 2118 quid
292 2064 406 2104 inter
432 2063 692 2103 crediderim
722 2071 764 2103 et
798 2062 971 2103 credam
1003 2063 1193 2109 intersit,
1226 2062 1425 2113 doceant,
1457 2071 1637 2104 utuntur

161 2141 334 2198 virgula
367 2140 445 2182 illa
476 2142 642 2193 divina,
674 2143 826 2183 aoristi
857 2142 1058 2191 nomine3
1091 2141 1143 2182 de
1176 2155 1261 2196 quo
1295 2155 1378 2182 non
1411 2141 1540 2183 liuius
1571 2144 1635 2183 rei

159 2235 306 2272 causa,
351 2221 427 2262 sed
464 2223 598 2262 totius
638 2222 812 2278 generis
858 2220 1026 2276 aliquid
1069 2220 1225 2260 dicam.
1290 2219 1403 2260 Nam
1441 2222 1513 2276 qui
1548 2230 1635 2262 tam

156 2300 286 2342 facile
324 2302 367 2341 in
403 2302 690 2356 grammatica
720 2300 882 2342 Latina
914 2299 1066 2340 aoristi
1099 2300 1275 2340 nomine
1307 2307 1502 2350 utuntur,
1547 2302 1632 2355 pri-

158 2393 274 2419 muni
327 2377 489 2419 debent
542 2380 787 2420 accuratius
841 2377 1144 2428 considerare,
1193 2376 1335 2432 qualis
1387 2379 1429 2417 in
1484 2376 1635 2418 Graeca

157 2457 310 2514 lingua
362 2471 413 2498 ea
458 2457 578 2496 notio
621 2458 705 2506 sit,
751 2456 908 2496 deinde
953 2455 1064 2507 apud
1098 2454 1280 2494 Latinos
1317 2453 1464 2508 qualia
1510 2456 1633 2495 initia

156 2545 197 2575 et
233 2535 515 2576 fundamenta
540 2548 707 2586 eorum,
733 2547 914 2590 quorum
931 2540 1098 2586 partem
1125 2530 1375 2575 Graecorum
1407 2548 1631 2590 compara-

156 2616 275 2655 tione
308 2613 547 2669 explanare
592 2622 818 2655 conantur.
878 2611 989 2655 Nam
1017 2612 1206 2653 aoristus
1236 2611 1485 2655 Graecorum
1519 2613 1630 2655 indi-

181 2802 209 2842 1)
244 2799 301 2833 De
349 2798 430 2834 Cic.
487 2799 595 2834 Brut.
641 2803 685 2841 5,
736 2803 779 2836 18
825 2800 907 2843 (ubi
954 2804 1035 2836 erat
1082 2814 1195 2837 ausus
1244 2803 1329 2847 sim)
1378 2800 1521 2836 dietum
1572 2806 1630 2835 est

246 2872 359 2906 supra
387 2873 422 2907 p.
452 2864 495 2894 70
522 2865 600 2895 not.
