1821 3309
287 222 380 272 132

212 364 534 416 Nonnunquam
568 364 652 404 inm
686 377 806 404 error
840 377 978 404 novos
1011 377 1180 404 errores
1203 372 1432 420 genuerat.
1449 365 1482 418 ¹)
1544 365 1688 408 Unum

211 452 304 485 erat
336 441 561 498 singulare
596 442 850 484 mendorum
883 457 1023 498 genus
1055 457 1141 483 non
1173 443 1429 499 infrequens
1463 445 1506 485 in
1541 443 1688 486 verbis

210 524 400 573 omissis,
434 523 558 563 cuius
581 522 749 578 aliquot
776 522 986 578 exempla
1017 531 1169 578 postea
1193 523 1519 576 demonstrabo,
1552 538 1687 566 unum

209 613 247 644 et
283 603 470 644 alterum
517 603 602 642 iam
633 601 687 642 ab
721 602 822 643 aliis
857 610 1053 643 notatum
1089 611 1197 643 erat.
1215 603 1250 654 2)
1316 602 1424 645 Haee
1457 617 1590 660 quum
1625 606 1687 646 ita

208 685 312 730 sint,
343 680 482 722 multo
514 680 641 735 plura
666 682 821 722 menda
846 683 1134 723 demonstrari
1167 682 1208 721 in
1241 681 1310 722 his
1336 669 1688 739 libris‘possunt,

208 776 336 817 quam
373 759 662 817 probabiliter
695 762 877 816 corrigi;
907 762 949 800 in
984 760 1257 801 emendando
1290 770 1435 803 autem
1473 762 1604 818 paulo
1635 761 1686 803 li-

207 841 356 881 berius
395 842 559 882 versari
604 840 807 881 iubemur
852 854 980 895 quam
1017 841 1058 879 in
1093 840 1145 879 iis
1181 837 1323 891 libris,
1356 855 1539 896 quorum
1575 842 1687 882 anti-

208 922 278 976 qui
313 930 355 961 et
388 920 515 977 probi
548 921 720 961 codices
756 928 1006 975 supersunt,
1041 934 1121 960 nec
1155 934 1388 974 possumus
1419 934 1592 975 semper
1624 921 1688 960 sic

208 1000 483 1055 singulorum
505 1001 674 1054 apicum
697 1008 962 1055 mutatorum
983 1001 1196 1039 rationem
1219 1000 1416 1043 reddere.
1461 999 1516 1040 Et
1540 1008 1686 1041 tamen

208 1081 348 1120 omnis
393 1079 642 1119 emendatio
687 1077 903 1134 proficisci
950 1077 1018 1119 hic
1049 1093 1221 1133 quoqne
1254 1079 1384 1120 debet
1415 1078 1470 1119 ab
1502 1080 1686 1120 investi-

206 1161 386 1215 gatione
427 1160 522 1199 eius
564 1159 807 1213 scriptume,
842 1171 936 1212 quse
970 1158 1013 1197 in
1050 1172 1101 1197 eo
1137 1158 1269 1198 fuerit
1310 1159 1475 1210 codice,
1507 1173 1566 1199 ex
1601 1172 1685 1214 quo

206 1240 344 1279 nostri
388 1239 551 1278 sensim
589 1238 821 1292 propagati
864 1245 981 1277 sunt.
1050 1236 1097 1277 In
1136 1251 1186 1277 ea
1219 1238 1564 1293 investigatione
1601 1236 1686 1278 tol-

204 1317 362 1358 lendus
406 1324 471 1356 est
515 1316 622 1356 mihi
668 1324 769 1356 ante
814 1317 961 1355 onmia
1003 1330 1124 1355 error
1158 1317 1449 1358 recentissimi
1483 1316 1682 1367 editoris,

204 1398 267 1438 10.
303 1394 352 1436 C.
386 1394 564 1445 Orellii,
599 1394 657 1436 V.
695 1393 778 1443 CL,
819 1395 905 1444 cui,
949 1408 1079 1448 quum
1124 1393 1262 1434 libros
1295 1395 1348 1435 de
1380 1394 1557 1451 legibus
1589 1404 1686 1451 post

204 1475 501 1517 Goerenzinm
552 1482 593 1513 et
644 1472 870 1514 Mos-eruin
922 1482 1285 1528 recognosceret,
1325 1474 1482 1515 accidit
1524 1474 1683 1529 partim

203 1555 389 1597 aliorum
431 1554 592 1609 partim
640 1567 719 1593 sua
762 1551 906 1606 culpa,
938 1560 1001 1603 ut,
1035 1553 1107 1607 qui
1141 1553 1226 1594 duo
1261 1553 1432 1595 codices
1469 1553 1684 1600 omnium,

204 1637 276 1692 qui
311 1633 443 1691 paulo
486 1632 745 1689 diligentius
792 1631 942 1672 collati
989 1639 1106 1681 sunt,
1148 1630 1233 1672 fide
1279 1633 1532 1688 dignissimi
1566 1640 1684 1682 sunt,

204 1730 289 1757 non
314 1714 427 1770 quod
460 1713 546 1767 ipsi
578 1725 662 1751 non
690 1712 792 1761 sint,
826 1720 872 1751 ut
904 1712 1053 1761 ceteri,
1085 1711 1426 1762 mendosissimi‚
1458 1711 1532 1752 sed
1567 1711 1680 1766 quod

204 1793 379 1835 fidelius
422 1792 462 1831 id
511 1789 783 1844 exemplum,
825 1804 880 1830 ex
927 1804 1011 1842 quo
1055 1804 1207 1830 omnes
1251 1792 1336 1830 orti
1379 1799 1496 1840 sunt,
1529 1791 1681 1846 expri-

203 1881 341 1924 munt,
368 1879 415 1911 ut
439 1884 532 1919 eos,
560 1872 758 1924 inquam,
791 1870 968 1909 omnino
994 1869 1166 1909 testium
1203 1883 1383 1910 numero
1410 1867 1679 1915 excluderet,

203 1967 335 2010 quum
368 1959 513 1991 tamen
550 1963 632 2005 ego
666 1962 757 1989 rem
790 1949 1039 2003 suspicione
1071 1949 1332 2002 attigissem,
1367 1948 1442 1988 sed
1476 1962 1556 1990 nec
1585 1963 1682 2002 per·

201 2034 351 2088 spicue
373 2030 741 2070 demonstrassem
774 2042 853 2068 nec
878 2042 982 2068 usus
1012 2042 1062 2068 ea
1086 2027 1318 2068 admodum
1351 2041 1509 2068 essem.
1567 2025 1680 2069 Nam

201 2111 423 2159 Moserus,
467 2110 541 2163 qui
584 2109 751 2162 primus
791 2106 968 2147 illorum
1014 2107 1210 2146 codicum
1256 2107 1496 2161 scripturas
1530 2106 1682 2157 edidit,

201 2188 313 2232 nihil
343 2194 555 2229 senserat.
623 2185 660 2225 Ii
693 2186 864 2226 codices
899 2193 1000 2224 sunt
1032 2184 1304 2225 Hauniensis
1338 2193 1382 2225 et
1404 2199 1541 2240 quem
1575 2183 1681 2226 bre-

203 2269 352 2310 vitatis
386 2280 517 2307 causa
557 2264 864 2308 victorianum
901 2262 1152 2313 nominabo,
1198 2277 1326 2318 quem
1362 2261 1568 2304 Mosei-us
1604 2278 1680 2305 co-

199 2351 372 2406 piarum
417 2345 778 2387 Victorianamm
830 2342 1070 2384 alterarum
1123 2341 1184 2395 (b)
1234 2342 1411 2383 nomine
1461 2343 1679 2399 designat.

200 2428 251 2469 In
285 2427 448 2483 priore,
483 2424 525 2464 id
558 2431 639 2474 est,
683 2424 727 2464 in
762 2422 1104 2478 diligentissima
1136 2419 1373 2462 collatione
1407 2422 1570 2463 codicis
1605 2436 1679 2463 ve-

200 2504 692 2554 tustiVossiani‚nunc‚
706 2509 753 2542 ut
771 2503 943 2557 opinor,
959 2501 1208 2552 Leidensis‚
1238 2514 1332 2556 quae
1356 2502 1519 2543 erroris
1547 2514 1678 2542 causa

200 2587 349 2636 fuerit,
365 2583 474 2626 alibi
505 2582 617 2623 dixi·
640 2582 674 2634 ³)
748 2579 862 2626 Nam
895 2585 966 2639 qui
989 2580 1156 2622 Moseri
1187 2593 1318 2620 causa
1337 2581 1576 2635 scripturas
1595 2592 1677 2620 ex-

227 2732 256 2773 ¹)
290 2729 410 2763 Velut:
433 2729 468 2762 11
497 2731 518 2771 ἓ
545 2732 613 2769 56,
665 2741 782 2775 quum
823 2742 867 2764 ex
908 2727 1099 2763 adiectivo
1130 2727 1263 2773 aliquo
1300 2723 1477 2759 effectum
1507 2726 1608 2757 esset
1636 2724 1676 2756 in

294 2804 348 2832 eo,
372 2803 442 2837 pro
470 2792 587 2829 hand„
615 2791 718 2836 quod
745 2789 991 2838 sequebatur,
1019 2788 1208 2835 scriptum
1237 2792 1296 2821 est
1322 2786 1431 2836 quod.

224 2855 257 2893 2)
287 2858 329 2887 ut
354 2852 369 2885 1
399 2855 419 2894 S
448 2855 492 2888 213
520 2853 703 2886 obscuras
731 2865 797 2887 nec
826 2853 922 2885 satis
954 2855 967 2869 ⁸
998 2850 1280 2896 intelliycntias
1306 2846 1512 2883 inchoavit.

228 2916 257 2952 ³)
296 2913 418 2960 Epist.
449 2914 531 2948 erit.
564 2914 609 2948 ad
629 2914 748 2947 Oreil.
779 2926 815 2959 p.
833 2916 853 2947 4
882 2917 959 2947 not.
984 2916 989 2921 ‘
1012 2911 1143 2958 Neque
1172 2917 1311 2955 tamen.
1333 2907 1504 2958 quodibi
1522 2905 1675 2952 scripsi,
