1821 3309
1485 231 1546 279 15

149 379 256 420 tera,
274 368 441 419 facere
474 369 679 420 scriptum
713 372 829 405 esset
850 364 896 417 ¹).
977 365 1204 409 Sententia
1242 378 1448 426 apparet3
1476 371 1612 414 verba

147 447 405 502 reperienda
446 452 546 486 sunt
587 451 688 498 apta
730 442 783 482 ad
824 441 997 483 facilem
1047 447 1187 486 omnis
1229 451 1395 501 negotii
1428 458 1472 490 et
1505 453 1610 493 artis

146 526 450 566 tractationem
499 520 864 579 significandam,
915 529 1005 562 tum
1048 537 1142 578 quae
1174 524 1321 566 dativo
1353 526 1420 567 illi
1451 542 1612 570 conve-

143 605 288 651 niant3
332 604 479 658 itaque
514 609 556 643 et
587 606 783 642 tractare
814 608 857 640 et
887 615 1014 642 omne
1052 600 1259 654 verbum,
1298 606 1413 660 quod
1447 607 1499 647 ad
1533 607 1610 648 ho-

143 684 302 724 minem
347 682 587 731 referatur,
652 679 920 721 excluditur.
987 679 1287 737 Relinquitur:
1328 688 1394 735 ei,
1438 690 1515 740 (μα’
1553 709 1607 718 -

141 759 555 816 comprehendisset,
620 761 790 809 omnia,
842 771 938 813 qecce
967 758 1180 811 faceret,
1227 768 1346 803 recle
1394 777 1440 803 se
1483 765 1606 806 dare.

137 838 352 880 Confusio
384 837 566 892 syllabae
598 836 764 877 ultimae
797 838 916 877 vocis
934 836 1120 886 faceret
1155 849 1196 880 et
1229 843 1379 896 primae
1413 845 1606 896 proximi

141 916 343 958 vocabuli
376 916 520 957 locum
552 916 823 971 depravavit.
894 916 983 955 Res
1014 930 1059 957 se
1094 918 1202 958 dare
1236 919 1416 970 dicitur,
1449 922 1492 961 id
1525 932 1605 972 est,

138 996 397 1050 procedere,
431 994 693 1042 succedere,
727 1000 933 1033 eventum
955 983 1157 1042 ¹habere3
1192 997 1379 1036 citantur
1413 999 1456 1037 in
1490 998 1604 1039 lexi-

143 1075 204 1114 cis
224 1072 403 1113 Terent.
436 1072 544 1113 IIec.
579 1070 659 1121 ΙΙΙ,
693 1073 734 1120 3,
763 1072 832 1120 20,
866 1080 993 1126 poeta
1031 1073 1142 1127 apud
1177 1072 1267 1115 Cic.
1300 1074 1353 1115 de
1384 1074 1438 1115 N.
1453 1075 1507 1118 D.
1523 1076 1603 1127 III,

133 1153 202 1203 26,
236 1149 326 1192 Cic.
362 1151 414 1191 ad
449 1149 582 1191 Attio.
613 1147 690 1200 IIl,
723 1150 779 1189 23
811 1157 927 1190 extr.
994 1149 1128 1191 Addit
1161 1150 1412 1194 Gronovius
1444 1155 1496 1195 ad
1528 1155 1603 1196 Li-

133 1231 250 1270 vium
287 1228 552 1277 XXXVII,
609 1228 637 1268 5
672 1227 826 1269 Senec.
875 1230 1003 1284 epist.
1035 1230 1092 1270 ¹79
1130 1230 1345 1284 (omuibus
1378 1238 1602 1287 proelerea

119 1307 330 1356 feliciter
358 1306 429 1348 hic
460 1308 580 1347 locus
612 1319 658 1346 se
689 1305 829 1359 dedu)
877 1315 919 1346 et
949 1307 1077 1362 Virg.
1112 1307 1275 1365 Georg.
1310 1309 1347 1358 I,
1382 1313 1479 1352 217.

244 1385 381 1427 Paulo
422 1393 521 1441 post
561 1389 584 1437 ξ
614 1386 668 1435 5,
710 1384 824 1440 quod
859 1385 979 1427 codd.
1015 1395 1057 1427 et
1085 1401 1141 1428 ex
1172 1389 1225 1428 iis
1260 1389 1356 1430 edd.
1386 1391 1600 1431 recentio-

131 1478 200 1505 res
232 1463 419 1505 habent:
447 1464 624 1517 dignum
657 1466 726 1503 rei
772 1463 972 1512 videtur,
1017 1479 1102 1505 non
1133 1466 1274 1507 solum
1307 1467 1405 1507 ideo
1437 1469 1598 1523 impro-

135 1542 238 1584 bare
263 1557 410 1597 cogor,
446 1541 560 1596 quod
595 1540 763 1581 nullum
797 1550 862 1581 est·
894 1542 1013 1583 aliud
1047 1544 1301 1597 exemplnm
1344 1546 1439 1586 eius
1479 1555 1598 1587 stru-

131 1631 262 1662 cturae
305 1635 330 1661 a
361 1619 574 1660 Cicerone
606 1628 840 1674 usurpatae,
886 1620 961 1661 sed
994 1623 1135 1676 quod,
1176 1624 1277 1678 quid
1312 1637 1384 1664 reo
1415 1624 1594 1680 dignum

132 1707 272 1747 esset,
312 1698 644 1739 commemorari
675 1697 757 1738 hoc
788 1697 884 1738 loco
919 1713 1003 1738 non
1039 1702 1194 1753 potuit.
1258 1701 1370 1742 Nam
1413 1711 1456 1742 et
1489 1703 1596 1743 inci-

129 1790 230 1831 pere
263 1791 287 1816 a
306 1775 661 1831 splendidissimo
680 1773 808 1815 debet
827 1774 917 1816 haec
943 1778 1213 1818 enumeratio
1234 1780 1449 1834 (seqnitur
1469 1780 1595 1821 Pom—

127 1856 215 1910 peii
253 1841 612 1910 praestantissima
646 1852 803 1909 gloria,
839 1854 1028 1895 iudicum
1059 1853 1268 1906 officium,
1300 1857 1395 1911 ipsa
1426 1857 1595 1912 causa),

127 1947 206 1973 nec
238 1933 416 1987 <lignem
453 1931 592 1972 Balbo
625 1932 710 1972 dici
742 1931 833 1972 ullo
870 1932 996 1973 modo
1032 1941 1205 1987 potest,
1246 1943 1388 1975 ratum
1422 1934 1591 1985 haberi,

124 2011 237 2066 quod
268 2010 503 2065 Pompeius
536 2010 704 2053 fecerit.
782 2009 851 2050 Ad
881 2011 1018 2064 ipsam
1048 2010 1300 2066 reipublicae
1332 2013 1591 2068 dignitatem

123 2087 373 2142 spectabat,
416 2089 510 2128 eius
553 2089 688 2139 civis,
734 2089 802 2128 cui
849 2096 1016 2129 tantum
1067 2103 1119 2129 ea
1153 2098 1196 2129 et
1227 2088 1406 2130 deberet
1433 2099 1476 2131 et
1512 2092 1593 2131 tri-

122 2166 315 2218 buisset,
369 2165 586 2207 beneficia
628 2165 792 2207 valere.
870 2166 1005 2207 Recte
1051 2168 1186 2222 igitur
1226 2167 1493 2209 Garatonius
1524 2168 1590 2209 (Ιί-

118 2257 250 2299 gnum
296 2258 386 2299 rep.
441 2244 716 2286 scribendum
757 2246 945 2300 putarit.
1026 2244 1236 2287 Mendum
1269 2254 1335 2287 est
1369 2246 1589 2302 frequens,

237 2322 459 2379 Insignior
474 2324 720 2364 emendatio
747 2322 875 2378 paulo
896 2323 1009 2363 infra
1030 2324 1229 2365 facienda
1256 2332 1336 2376 est⁷
1364 2323 1439 2365 ubi
1458 2316 1591 2365 edunt

121 2415 233 2441 nunc
252 2415 274 2441 e
297 2402 444 2442 codice
471 2400 841 2455 Guelferbytanot
859 2414 1074 2456 nunquam
1092 2416 1120 2442 α
1137 2402 1346 2443 Blemmz‘o
1367 2402 1588 2456 (Balbum)

121 2477 386 2528 discessisse,
417 2477 740 2532 Isarthaginem
755 2492 997 2531 possessum
1032 2482 1142 2525 z'sse,·
1175 2478 1280 2519 olim
1307 2479 1495 2520 edebant
1528 2493 1587 2520 ex

119 2554 458 2610 interpolatione
502 2556 802 2596 recentissima
843 2553 1091 2609 profectum
1123 2567 1243 2605 esse,
1277 2557 1423 2611 inepte
1454 2571 1587 2604 sane3

119 2646 218 2673 nam
262 2631 569 2687 proficiscendi
618 2635 784 2688 exigua
815 2631 912 2673 laus
944 2640 1059 2681 erat3
1102 2632 1177 2674 sed
1219 2632 1358 2674 nihilo
1398 2632 1584 2675 alterum

143 2808 170 2848 ¹)
199 2806 409 2850 Gruterus,
445 2808 548 2855 quod
576 2809 798 2855 speciminis
833 2809 918 2843 loeo
955 2809 1001 2844 de
1028 2813 1108 2843 tota
1134 2808 1308 2843 oratione
1337 2819 1420 2844 esse
1445 2813 1583 2854 potest,

209 2867 305 2901 nihil
335 2868 380 2903 dc
407 2870 486 2903 suis
512 2869 619 2905 codd.
652 2870 708 2909 (S.
738 2870 863 2909 vivi..
901 2870 976 2905 Pal.
1006 2873 1039 2904 9.
1067 2869 1168 2913 Erf.)
1194 2869 1301 2905 dixit.
