1821 3309
295 237 387 286 146

332 376 429 419 Lib.
470 375 508 417 ll
542 391 576 417 c.
609 377 651 426 2,
695 376 723 416 5
754 372 908 415 Cicero
941 375 992 415 ad
1028 389 1094 425 ea,
1132 387 1226 430 quse
1258 374 1310 415 (le
1340 376 1503 415 civium
1534 374 1690 420 Roma-

221 472 389 508 norum,
421 459 494 512 qni
525 470 585 496 ex
611 455 860 509 municipiis
884 455 969 495 orti
993 463 1131 506 erant,
1163 455 1305 510 patria
1338 456 1547 510 disputat,
1579 467 1692 494 com-

217 538 490 594 parationem
511 535 712 590 adiungit
731 535 896 574 veteris
913 533 1161 576 Atticorum
1183 543 1345 583 status3
1372 533 1506 575 rerba
1529 541 1695 584 autem,

217 615 375 673 quibus
410 615 525 656 hunc
568 611 806 670 significat,
850 622 1054 669 corrupta
1095 622 1213 665 sunt,
1257 629 1351 669 quae
1394 614 1456 654 sic
1491 611 1691 655 Orellius

219 696 376 737 edidit:
423 696 558 735 vestri
599 692 764 742 Attice,
801 696 1057 748 priusquam
1110 692 1298 735 Theseus·
1339 708 1409 734 eos
1444 693 1693 746 demigrare

218 787 276 815 ea·
308 777 430 828 agris
462 778 503 813 el
533 775 580 813 in>
614 777 728 823 astu,
760 772 876 826 quod
907 773 1175 826 appellatur,
1219 785 1362 812 omues
1405 786 1450 812 se
1485 771 1693 821 cotgferre

216 857 360 904 iussit,
390 850 757 907 sympleraute'dem.
800 856 841 891 et
871 850 1036 902 Allien,
1067 859 1184 891 recte
1218 850 1382 892 nullam
1417 866 1473 891 ex
1509 849 1694 891 infinitis

216 948 339 989 paene
369 932 631 975 coniecturis
663 931 937 986 superiorum
973 928 1177 985 probans.
1239 929 1337 986 Ipsa
1371 930 1542 986 quidem
1576 943 1692 970 com-

218 1015 388 1068 paratio
424 1026 509 1067 qua
554 1012 597 1051 in
634 1025 679 1051 re
723 1011 866 1065 posita
901 1011 972 1060 sit,
1005 1008 1236 1051 obscurum
1271 1025 1368 1051 esse
1400 1017 1518 1051 recte
1550 1017 1692 1050 atten-

217 1093 337 1133 denti
368 1105 454 1132 non
478 1098 638 1144 potest,
670 1104 693 1130 a
724 1104 807 1144 qua
839 1089 1012 1143 quidam
1038 1091 1100 1130 ita
1124 1088 1399 1139 aberrarunt,
1431 1098 1493 1140 ut,
1524 1096 1691 1130 mutato

208 1175 464 1227 prinsquam
498 1171 540 1210 in
565 1174 825 1224 postquam,
868 1168 921 1209 ad
962 1169 1163 1209 instituta
1203 1167 1367 1209 Thesei
1402 1168 1691 1223 comparatio-

216 1265 314 1292 nem
357 1258 554 1305 spectare
596 1256 829 1303 putarent3
889 1246 964 1288 alii
1006 1257 1151 1289 autem
1196 1263 1284 1289 rem
1331 1263 1354 1288 a
1398 1246 1688 1288 similitudine

216 1330 550 1384 municipiorum
595 1335 637 1367 et
677 1326 797 1382 urb-is
841 1325 1049 1367 Romanae
1091 1326 1226 1381 longe
1267 1326 1577 1367 abhorrentem
1624 1327 1689 1367 in·

215 1409 451 1455 duxerunt,
483 1405 720 1462 φρατρίας,
759 1413 801 1445 et
832 1404 884 1445 de
917 1419 969 1445 ea
1001 1403 1265 1446 subabsurdi
1298 1405 1463 1460 aliquid
1499 1403 1686 1447 effinxe-

214 1496 330 1538 runt,
365 1487 490 1542 quasi
522 1487 619 1542 quis
653 1485 768 1525 dicat
799 1484 975 1525 eosdem
1009 1492 1050 1524 et
1085 1483 1309 1525 Romanos
1346 1497 1443 1524 esse
1476 1492 1517 1525 et
1550 1483 1688 1525 tribn-

212 1565 277 1606 les
311 1573 385 1606 ant
415 1564 620 1605 curiales.
708 1563 960 1616 Proprietas
991 1564 1086 1604 eius
1122 1565 1201 1614 roi,
1233 1563 1284 1604 de
1322 1578 1405 1618 qua
1437 1561 1594 1605 Cicero
1625 1562 1689 1604 lo-

215 1646 389 1700 quitur,
418 1645 462 1684 in
496 1658 549 1685 eo
582 1644 725 1699 posita
757 1651 876 1693 erat,
922 1643 1033 1697 quod
1068 1651 1196 1683 extra
1228 1657 1502 1684 communem
1535 1644 1690 1684 civita-

215 1734 300 1764 tem
335 1737 520 1778 eamque
556 1721 726 1773 urbem,
762 1736 855 1777 quae
887 1723 983 1762 eius
1015 1730 1144 1777 caput
1175 1730 1282 1775 erat,
1315 1745 1367 1752 -—-
1404 1736 1502 1764 nam
1534 1724 1689 1764 civita-

214 1812 301 1843 tem
336 1802 549 1852 Romani,
581 1803 758 1856 antiqua
794 1802 973 1841 notione
1001 1808 1197 1850 retenta,
1229 1815 1275 1841 re
1310 1809 1499 1851 mutata,
1530 1801 1585 1842 ad
1615 1816 1687 1844 ur-

213 1882 334 1932 bem,
383 1896 468 1922 non
501 1889 668 1922 tantum
701 1880 754 1920 ad
791 1877 1106 1934 rempublicam
1142 1879 1381 1920 Romanam
1417 1881 1686 1935 cogitatione

212 1959 478 2012 referebant,
510 1984 565 1991 —
598 1959 686 2000 alia
717 1967 841 2000 erant
871 1958 1030 2014 oppida
1060 1966 1102 1999 et
1134 1967 1283 1999 coetus
1316 1972 1482 2009 eorum,
1525 1961 1596 2014 qui
1634 1958 1686 2000 il—

212 2040 298 2080 lins
333 2039 577 2080 communis
617 2039 809 2079 civitatis
851 2046 893 2078 et
928 2037 1050 2078 urbis
1085 2046 1128 2078 et
1159 2036 1413 2092 reipublirae
1447 2039 1683 2094 participes

212 2127 349 2159 eram.
413 2117 559 2157 Huius
591 2116 779 2157 similem
812 2117 915 2156 dicit
949 2116 1103 2163 fnisse,
1135 2130 1220 2156 non
1260 2131 1357 2156 oum
1390 2124 1567 2166 statum,
1609 2118 1682 2171 qui

211 2204 307 2249 post
350 2193 576 2235 Theseum
623 2203 665 2234 et
706 2194 980 2234 Athenarum
1025 2188 1321 2248 συνοικισμόν
1366 2193 1515 2242 fuerit,
1559 2193 1680 2249 (uam

212 2288 343 2329 quum
388 2288 449 2314 ex
491 2273 611 2327 agris
654 2271 975 2328 demigrassent
1014 2280 1057 2312 et
1088 2273 1131 2312 in
1165 2279 1260 2312 astu
1296 2286 1341 2311 so
1374 2270 1682 2322 contulissent,

210 2351 322 2394 nulli
376 2360 500 2393 erant
561 2358 690 2391 extra
730 2349 931 2392 Athenas
987 2358 1162 2401 coetus,
1219 2352 1289 2405 qui
1346 2351 1679 2406 municipiorum

210 2430 378 2473 similes
425 2438 570 2471 essent
590 2430 648 2484 ¹),
694 2428 770 2471 sed
805 2444 930 2482 eum,
976 2431 1050 2486 qui
1092 2437 1193 2471 ante
1239 2428 1463 2471 Theseum
1511 2429 1682 2481 fuisset,

301 2606 318 2625 a
346 2597 483 2627 natura
512 2593 600 2628 data
627 2597 666 2627 et
691 2591 964 2627 commendata.
1014 2593 1213 2639 Principio
1240 2594 1408 2628 refertur
1433 2591 1479 2625 ad
1504 2590 1555 2630 id,
1578 2589 1680 2636 quod

301 2654 484 2689 adiicitur
510 2654 556 2689 de
581 2655 631 2689 iis
656 2654 927 2701 intelligentiis
954 2654 1209 2691 illustrandis

236 2716 266 2757 ἱ)
308 2715 445 2749 Cicero
473 2716 626 2762 quidem
652 2716 767 2750 etiam
793 2716 908 2763 paulo
934 2716 1022 2763 plus
1049 2716 1158 2756 dicit,
1187 2729 1299 2762 quam
1326 2714 1466 2749 veritas
1492 2714 1581 2754 sert,
1599 2720 1678 2750 tan-

301 2788 413 2822 qumn
450 2776 648 2810 hominum
676 2778 800 2812 omnis
826 2778 1035 2812 multitudo
1060 2783 1190 2824 poste-‘1
1220 2778 1258 2811 in
1284 2777 1380 2812 urhe
1405 2782 1594 2823 perpetuo
1620 2777 1674 2811 vi-

301 2838 422 2882 xcrit3
456 2837 571 2872 nimis
607 2838 707 2872 enim
743 2839 886 2885 pressit
920 2839 1118 2874 notionem
1142 2839 1209 2874 τοῗ·
1232 2837 1456 2885 ert-vomam&
1481 2844 1519 2874 ct
1548 2851 1674 2873 narra-

304 2899 419 2934 tionis
447 2900 493 2934 ‹le
518 2898 667 2934 Theseo
696 2899 889 2945 vulgarem
918 2901 1086 2938 colorem
1111 2899 1290 2936 reddidit.
