1821 3309
1453 224 1557 275 305

148 356 194 397 in
223 355 306 398 Erf
327 387 340 409 ,
372 355 485 400 Gud.
516 360 569 411 2,
603 358 806 402 Leidensi
826 391 838 411 ,
871 359 1226 418 salisburgensi,
1265 364 1402 406 Paris.
1427 367 1521 417 11,
1553 367 1626 409 de-

148 436 446 492 terior-umque
490 436 659 493 aliquot
699 453 758 479 ex
798 437 895 479 loco
941 439 1073 495 paulo
1117 442 1327 484 inferiore
1368 459 1444 499 pro
1479 447 1625 487 vallus

148 513 391 555 subiectum
428 523 494 556 est
516 529 673 569 preces
705 517 835 572 (quod
867 516 954 568 ibi,
1003 533 1049 558 re
1078 520 1164 559 inm
1197 522 1404 575 exposita
1436 537 1515 564 nec
1546 524 1626 565 ad-

148 592 239 632 dito
285 594 512 648 genitivo,
562 603 706 648 aptum
741 595 840 647 est).
924 595 1070 650 Atque
1117 596 1187 637 hic
1229 599 1403 652 quidem
1443 615 1555 642 unus
1601 616 1624 642 e

146 673 461 712 recentissimis
503 672 721 713 soldanus
764 672 877 713 falsa
920 675 1194 714 auctoritatis
1238 678 1383 730 specie
1417 678 1625 734 deceptus

148 757 239 798 est3
299 750 374 791 sed
422 750 539 805 §24
575 759 634 792 set
690 753 727 791 is
774 760 816 791 et
861 751 1066 792 Klotzius
1118 767 1196 806 pro
1248 768 1354 795 vera
1407 757 1625 811 scriptura

149 826 254 880 (non
287 834 399 879 tam,
453 842 508 870 ne
545 830 809 881 offendam),
858 845 986 885 quam
1031 845 1126 870 cum
1173 831 1404 874 deterioris
1448 834 1626 877 familia:

146 904 281 962 longe
324 906 523 962 pluribus
554 917 731 948 servant
767 922 788 948 c
825 907 1005 948 meliore
1041 907 1154 949 Gud.
1184 911 1211 950 2
1240 920 1283 951 et
1314 911 1627 969 Salisburgen-

147 985 232 1035 sis,
264 984 585 1027 substituerunt
614 1001 668 1027 ex
704 986 980 1037 Erfurtcnsi,
1012 986 1250 1037 Leidensi‚
1285 990 1522 1031 Paris-tonsi
1556 995 1625 1043 11,

149 1064 307 1121 quibus
347 1064 417 1105 hic
469 1063 750 1105 Coloniensis
808 1064 1085 1119 adiungitur,
1153 1067 1387 1108 manifesto
1430 1070 1626 1124 interpo-

146 1141 303 1184 latam:
355 1155 441 1182 non
483 1147 569 1181 lam
610 1147 796 1197 propter
834 1142 904 1193 id,
954 1156 1008 1183 ne
1055 1143 1308 1196 offendam,
1353 1161 1432 1188 nec
1477 1156 1623 1190 tamen

147 1221 278 1263 huius
332 1221 653 1261 coniunctionis
709 1226 891 1274 propler
949 1221 1019 1272 id,
1103 1236 1158 1263 ue
1209 1225 1299 1277 (ul)
1365 1226 1623 1281 exemplant

147 1301 443 1353 ascripserunt
475 1298 608 1340 aliud.
673 1298 896 1353 Apparet,
946 1301 989 1340 in
1031 1299 1111 1342 hac
1153 1304 1352 1343 oratione
1384 1305 1624 1359 interpola-

149 1380 313 1420 tionem
347 1378 478 1418 etiam
512 1376 736 1417 meliorem
763 1377 974 1418 familiam
1007 1393 1091 1418 non
1125 1380 1186 1420 ita
1219 1379 1377 1422 leviter
1408 1384 1625 1438 attigisse,

150 1457 225 1498 sed
275 1458 371 1497 eius
410 1455 523 1496 alios
565 1456 735 1496 codices
775 1454 874 1495 aliis
919 1457 962 1496 iu
1007 1456 1115 1498 locis
1154 1469 1363 1514 expertes
1409 1463 1624 1503 mansisse

148 1537 308 1591 partim
359 1542 535 1590 propter
577 1535 716 1588 ipsam
776 1535 934 1574 seriem
991 1543 1033 1575 et
1079 1540 1364 1594 propaginem
1410 1540 1622 1590 codicum,

148 1615 222 1656 sed
259 1615 400 1670 magis
431 1613 544 1669 quod
585 1611 753 1653 librarii
786 1613 1176 1667 interpretamenta
1208 1619 1249 1657 in
1286 1633 1359 1669 eo,
1406 1634 1533 1674 quem
1566 1619 1624 1661 ob

148 1693 300 1735 oculos
346 1690 584 1741 haberent,
641 1690 789 1731 codice
842 1692 1031 1747 ascripta
1078 1698 1461 1752 superscriptaque
1503 1712 1624 1753 spre-

149 1773 309 1814 verint.
393 1767 556 1823 (Cf1=.§
588 1770 667 1820 14,
716 1768 789 1809 ubi
826 1771 868 1810 in
902 1769 1023 1821 Erf„
1077 1773 1237 1814 salisb.
1281 1775 1517 1830 multisque
1549 1777 1623 1817 (le-

147 1852 359 1893 teriorum
400 1857 467 1890 est
514 1851 742 1897 misereat,
792 1848 905 1903 quod
949 1847 1153 1890 lx'lotzius
1196 1853 1380 1904 ascivit,
1422 1855 1465 1894 in
1509 1853 1621 1896 Gud.

145 1931 202 1982 2,
231 1928 376 1978 Leid„
409 1926 510 1968 aliis
542 1925 834 1967 deterioribus
871 1936 1004 1976 recte,
1041 1928 1154 1982 quod
1184 1929 1434 1972 Priscianus
1466 1931 1625 1973 confir-

146 2016 250 2059 mat,
281 2008 573 2057 miserentem)
634 2003 733 2053 Quo
763 2005 992 2059 patefacto,
1023 2008 1294 2061 perspicitur,
1327 2023 1453 2064 quam
1488 2025 1624 2065 prave

144 2085 437 2129 recentissimi
474 2083 665 2124 editores
696 2085 842 2137 specie
874 2085 1147 2124 auctoritatis
1180 2084 1304 2125 abusi
1337 2088 1439 2138 sint,
1474 2102 1524 2128 ac
1567 2103 1622 2130 nc

147 2166 341 2207 omnium
370 2161 543 2218 quidem
572 2160 765 2202 codicum
801 2177 1061 2204 consensum
1094 2162 1268 2205 obstare
1297 2163 1501 2206 debuisse
1531 2181 1625 2208 cor-

146 2243 330 2286 rectioni
371 2240 623 2282 huiusmodi
660 2239 1052 2293 soloecismorum,
1095 2240 1268 2296 qualem
1295 2242 1538 2285 Lambinus
1582 2253 1626 2286 et

148 2337 232 2378 ego
277 2335 300 2362 e
341 2321 452 2372 §23
493 2317 773 2359 sustulimus:
824 2317 942 2366 Quat
970 2323 1012 2359 εἰ
1035 2321 1220 2360 esselis?
1268 2321 1490 2362 Ccesartue
1530 2336 1623 2363 eam

148 2399 363 2440 trmliluri
394 2397 607 2446 fuissetis
655 2410 712 2436 cm
766 2401 920 2436 contra
967 2397 1178 2437 Coesarem
1231 2400 1480 2438 relenluri?
1545 2413 1623 2452 pro

135 2476 317 2527 fecistis.
381 2474 503 2527 (vid.
534 2487 670 2523 nunc,
702 2482 858 2525 praeter
888 2488 1036 2527 opusc.
1069 2489 1165 2514 mea
1196 2475 1317 2517 acad.
1353 2490 1392 2529 p.
1420 2477 1515 2526 199,
1547 2477 1623 2517 ad-

150 2555 415 2596 monitiones
448 2564 554 2592 meae
591 2551 644 2590 de
687 2550 795 2591 locis
833 2536 1096 2604 quibusdam
1127 2553 1421 2607 grammaticae
1453 2553 1623 2595 Latinae

149 2647 192 2689 p.
214 2634 270 2673 17
301 2629 395 2687 [hic
427 2645 467 2684 p.
497 2631 583 2670 227
605 2629 750 2684 sqq.]).
808 2628 868 2669 At
900 2628 1105 2670 Klotzius
1137 2639 1179 2670 et
1212 2629 1460 2671 Beneckius
1499 2646 1552 2672 ne
1579 2634 1622 2673 in

150 2710 359 2765 pendenti
386 2707 560 2764 quidem
585 2708 804 2748 sententia
826 2708 869 2748 in
900 2711 922 2759 ξ
945 2709 1001 2748 34
1027 2696 1332 2758 meminerant,
1377 2709 1487 2765 qnod
1516 2712 1538 2761 ξ
1569 2712 1625 2750 24

153 2787 281 2842 (quid
297 2786 485 2836 facturi
500 2784 715 2838 ficere'lis)
746 2785 963 2840 legerant,
996 2800 1215 2842 quumque
1246 2788 1448 2829 ederetur
1481 2796 1622 2829 recte:

150 2864 225 2906 An
248 2869 399 2920 potest
423 2867 645 2919 quisquam
679 2863 896 2916 dubitare,
929 2867 1034 2920 qnia
1071 2862 1120 2912 Q.
1154 2864 1370 2920 Ligarius
1401 2869 1448 2906 z‘n
1475 2865 1623 2906 eadem

1311 2949 1359 2980 20
