1821 3309
1446 198 1544 248 293

146 338 446 382 habendarum
477 347 678 381 auctores
705 341 886 390 excitat,
920 347 993 381 aut
1023 341 1251 397 quisquam
1286 340 1400 382 alius
1434 354 1532 382 eum
1566 342 1612 383 in

144 419 228 461 hoc
255 434 418 475 genere
449 420 707 460 nominavit.
775 418 866 459 Iam
895 420 990 474 ipsa
1018 419 1109 460 haec
1134 414 1453 475 προσφώνησις
1480 434 1611 476 quam

142 498 323 540 insolita
350 496 533 552 fingitur
558 496 768 551 nulloque
794 496 1002 552 exemplo
1027 496 1299 548 confirmata,
1331 507 1373 539 ut
1396 500 1439 538 in
1467 499 1609 539 medio

142 590 276 632 opere
321 575 490 615 Ennius
534 573 587 617 T.
633 574 912 625 Quinctium,
955 576 1078 615 cuius
1121 589 1191 615 res
1226 574 1410 616 bellicas
1451 590 1608 618 canere

142 655 442 712 aggrediatur,
487 652 735 708 alloquatur
769 663 811 694 et
846 668 994 694 curam
1029 655 1123 694 eius
1154 653 1489 709 molestiamque
1519 654 1608 709 pri-

140 743 287 776 vatam
310 732 587 775 consoletur}
620 732 705 773 Sed
729 741 915 788 augetur
937 733 1221 788 perversitas,
1242 733 1355 788 quod
1381 733 1609 787 praemium

139 812 225 854 sibi
256 821 357 853 ante
388 812 583 867 promitti
616 810 725 861 vult,
756 813 792 851 si
825 826 972 851 curam
1012 810 1186 852 levarit.
1251 810 1404 866 Itaque
1438 810 1610 866 reliqua

139 892 346 947 persequi
378 892 547 940 omitto,
577 904 670 945 quae
703 890 784 930 dici
811 899 961 930 contra
985 889 1097 930 hanc
1121 891 1371 945 opinionem
1393 895 1610 945 poterant,

139 984 281 1025 neque
314 968 368 1010 Τ.
404 968 715 1018 Flamininum,
748 970 918 1009 etiamsi
949 968 1096 1009 fratris
1127 969 1370 1023 ignominia
1403 967 1609 1019 doluerit,

137 1056 226 1089 tam
271 1046 416 1088 mollis
461 1048 594 1086 animi
633 1047 768 1086 fuisse
817 1047 971 1097 videri,
1012 1055 1060 1086 ut
1100 1051 1248 1086 noctes
1290 1047 1468 1100 diesque
1508 1060 1607 1087 sese

137 1125 351 1167 afflictans
392 1134 531 1180 poetae
575 1123 874 1165 consolatione
920 1133 1087 1180 egeret,
1130 1138 1271 1179 neque
1312 1125 1502 1165 Ennium
1545 1126 1609 1166 sic

135 1205 347 1246 cecinisse
380 1202 556 1244 horrida
586 1202 716 1253 bella,
761 1212 807 1243 ut
853 1202 1008 1243 molles
1052 1213 1313 1258 tenerosque
1345 1218 1448 1244 suos
1480 1204 1608 1244 fami·

131 1282 395 1337 liariumque
427 1295 582 1322 sensus
622 1283 938 1336 interponeret.
1007 1281 1093 1323 Sed
1137 1282 1276 1323 nihilo
1321 1281 1477 1323 melior
1508 1280 1606 1322 Me·

132 1360 240 1403 rulae
286 1362 505 1401 sententia
547 1369 627 1410 est,
672 1359 855 1413 probata
892 1359 1258 1401 Drakenborchio
1300 1361 1432 1416 (apud
1465 1360 1606 1401 Geru-

132 1439 335 1490 bardum)
370 1438 573 1494 aliisquo,
614 1437 854 1494 significari
882 1440 990 1479 Sex.
1018 1438 1184 1480 AElium
1211 1439 1390 1490 Paetum,
1422 1438 1476 1479 T.
1502 1438 1606 1480 Fla·

132 1519 285 1559 minini
315 1518 358 1558 in
382 1516 610 1557 consulatu
634 1515 876 1571 collegam;
910 1516 1022 1557 hunc
1054 1518 1167 1572 apud
1201 1518 1390 1558 Ennium
1425 1516 1479 1557 T.
1501 1516 1603 1558 Fla·

130 1597 360 1646 minutum,
391 1598 434 1636 in
467 1596 738 1650 provinciam
773 1594 1077 1636 Macedoniam
1114 1598 1276 1637 iturum
1308 1604 1351 1637 et
1382 1597 1602 1651 magnitu-

129 1675 230 1716 dine
267 1673 373 1715 belli
409 1674 706 1730 prodigiisque
738 1672 993 1725 sollicitum,
1025 1674 1298 1716 consolatum
1331 1689 1427 1715 esse
1458 1683 1500 1714 et
1532 1673 1601 1714 his

127 1753 331 1796 versibus
366 1752 619 1794 allocutum.
681 1751 740 1791 Hi
773 1750 827 1793 T.
864 1751 1160 1793 Flamininum
1196 1752 1321 1793 nobis
1356 1767 1415 1793 ex
1451 1753 1603 1807 magni

128 1833 262 1874 animi
296 1832 596 1887 ferventisque
638 1831 805 1886 ingenii
835 1831 1004 1883 juvene
1039 1840 1082 1871 et
1113 1830 1221 1872 belli
1255 1832 1409 1887 cupido
1444 1831 1601 1887 (talem

128 1912 243 1952 enim
276 1911 541 1965 accepimus,
575 1908 850 1950 consulatum
884 1923 941 1949 ex
978 1919 1195 1964 quaestura
1230 1910 1452 1964 adeptum)
1485 1912 1602 1950 timi-

129 1989 229 2030 dum
263 1990 534 2042 anxiumque
561 1987 742 2037 faciunt,
785 2001 912 2042 quem
939 1988 1048 2028 Sex.
1075 1987 1223 2029 AElius
1252 1986 1602 2030 confirmandum

126 2066 211 2108 sibi
246 2066 391 2107 verbis
425 2067 601 2121 putarit,
645 2064 812 2106 AElium
848 2074 992 2107 autem
1029 2074 1072 2106 et
1112 2081 1348 2122 pauperem
1389 2066 1602 2107 inducunt

126 2144 266 2200 (hand
294 2158 455 2199 magua
487 2157 580 2184 cum
612 2146 683 2196 re)
727 2152 770 2183 et
809 2146 1034 2199 praemium
1068 2143 1229 2184 auxilii
1263 2143 1600 2184 consolationis-

124 2238 208 2279 que
253 2238 278 2264 a
310 2222 482 2277 collega
519 2230 754 2278 petentem.
820 2221 973 2277 Itaque
1009 2222 1100 2263 haec
1140 2236 1311 2277 quoque
1345 2217 1600 2263 omittamus

124 2302 636 2356 circumspiciamusque,
712 2301 936 2355 ecquando
991 2299 1046 2341 T.
1099 2300 1396 2342 Flamininum
1451 2302 1495 2341 in
1550 2315 1598 2340 re

125 2379 340 2419 eiusmodi
371 2379 580 2433 gerenda,
613 2391 707 2432 quae
734 2380 778 2417 in
803 2377 932 2417 Ennii
965 2377 1198 2419 annalibus
1225 2381 1339 2419 inter
1369 2377 1486 2418 bella
1510 2378 1598 2418 Ro-

123 2469 249 2497 mana
277 2457 372 2496 cani
405 2457 610 2511 potuerit,
654 2455 737 2495 hoc
768 2463 849 2506 est,
883 2456 926 2495 in
962 2456 1145 2509 imperio
1179 2454 1287 2495 belli
1318 2455 1597 2496 Macedonici

122 2534 329 2575 traditum
375 2535 432 2574 sit
484 2536 527 2574 in
578 2547 761 2588 magnas
808 2530 1088 2573 difficultates
1120 2547 1332 2588 curasque
1375 2534 1598 2584 incidisse,

123 2627 342 2668 quumque
376 2614 420 2653 in
452 2614 507 2652 iis
542 2627 618 2667 per
657 2610 834 2665 aliquod
869 2619 1040 2665 tempus
1078 2611 1292 2662 haesisset,
1330 2610 1384 2652 ab
1418 2611 1596 2652 homine

121 2705 315 2746 paupere
359 2700 403 2732 et
444 2690 648 2747 ignobili,
691 2704 818 2745 quem
861 2690 1030 2745 praemii
1074 2703 1174 2744 spes
1218 2689 1387 2730 illicere
1429 2698 1595 2744 posset,

123 2767 341 2810 auxilium
387 2771 428 2810 ei
470 2768 681 2810 oblatum.
741 2767 847 2809 Eam
879 2783 970 2809 rem
1001 2769 1286 2823 perscriptam
1323 2769 1594 2824 expositam-

122 2859 206 2902 que
247 2844 462 2890 habemus
502 2847 742 2902 diligenter
787 2847 902 2903 apud
944 2847 1121 2890 Livium
1166 2847 1211 2887 in
1252 2845 1367 2888 libro
1400 2844 1593 2888 XXXII
