1821 3309
267 210 368 259 298

199 352 243 391 in
286 363 370 405 quo
409 348 622 389 adversus
664 347 905 388 contrarias
938 347 1219 387 auctoritates
1256 347 1408 387 muniti
1445 346 1668 403 paululum

199 429 490 483 acquiescant.
574 424 727 481 Neque
779 425 1069 480 spernendum
1115 427 1223 475 erit,
1289 427 1325 466 si
1371 425 1499 466 simul
1543 428 1672 468 unius

198 506 438 546 alteriusve
480 504 567 545 loci
614 505 874 545 sententiam
931 504 1154 544 declarare
1202 513 1244 544 et
1304 505 1356 544 de
1412 504 1670 559 quibusdam

198 584 423 625 Ciceronis
469 583 739 624 orationibus
787 585 955 623 cautius
1001 583 1267 623 aestimandis
1324 582 1670 623 admonitionem

198 678 284 704 non
338 661 535 702 inutilem
589 663 828 717 adiungere
880 670 1077 717 potuero.
1161 660 1437 716 Quamquam
1484 661 1670 702 hilarior

195 744 372 782 oxnnino
415 743 654 796 superioris
696 741 966 794 praefationis
1024 742 1205 780 materia
1259 749 1381 788 erat,
1438 753 1533 795 quae
1576 740 1668 780 fere

197 830 287 861 tota
333 822 375 860 in
418 819 612 860 locorum
661 820 997 875 depravatorum
1033 833 1147 858 nova
1180 820 1485 859 emendatione
1522 815 1669 859 versa-

195 911 340 952 retur-3
403 913 516 939 nnnc
570 899 737 939 tristior
791 912 984 939 errorum
1037 899 1203 938 notatio
1249 912 1452 953 maguam
1498 904 1664 951 partem

198 978 391 1019 habebit.

307 1057 412 1096 Post
451 1057 720 1109 superiorem
766 1058 900 1112 igitur
943 1064 1134 1096 nostram
1183 1055 1419 1094 editionem
1455 1053 1500 1093 in
1542 1051 1666 1093 Cice-

193 1137 314 1177 ronis
365 1134 637 1175 orationibus
678 1142 752 1174 aut
790 1133 990 1174 omnibus
1035 1143 1109 1174 aut
1140 1131 1436 1188 compluribus
1469 1139 1543 1171 aut
1576 1131 1664 1170 sin·

195 1214 312 1270 gulis
342 1229 401 1254 ex
434 1215 515 1263 iis,
564 1227 657 1267 quae
691 1212 772 1252 hoc
801 1211 913 1252 libro
944 1213 1250 1261 continentur,
1308 1210 1591 1251 emendandis
1622 1217 1665 1249 et

193 1294 246 1334 ad
294 1306 438 1333 veram
485 1292 666 1331 formam
703 1291 961 1330 revocandis
994 1289 1302 1340 elaborarunt,
1350 1303 1530 1344 quorum
1569 1289 1663 1343 qui-

193 1373 290 1412 dem
323 1369 470 1424 aliqua
505 1369 609 1409 mihi
642 1370 752 1408 ratio
789 1367 988 1408 habenda
1023 1369 1117 1408 visa
1151 1370 1222 1418 sit,
1255 1367 1474 1417 Klotzius‚
1520 1367 1666 1408 Stein-

192 1450 403 1498 metzius,
446 1446 693 1487 Beneckius
726 1447 786 1499 (in
819 1454 947 1486 oratt.
982 1446 1034 1486 de
1066 1447 1170 1500 imp.
1206 1446 1385 1500 Pomp.,
1417 1459 1495 1500 pro
1529 1444 1664 1499 Liga-

188 1530 281 1578 rio,
331 1541 407 1582 pro
442 1525 677 1576 Deiotaro,
725 1540 802 1579 pro
847 1524 1056 1577 Archia),
1110 1524 1309 1565 Orellius
1342 1525 1403 1576 (in
1436 1531 1563 1564 oratt.
1595 1537 1674 1582 se->

188 1606 314 1647 lectis
349 1604 467 1654 XV,
508 1605 621 1644 inter
662 1618 768 1659 quas
799 1612 898 1643 sunt
930 1604 982 1643 de
1017 1605 1119 1658 imp.
1153 1604 1329 1658 Pomp.,
1376 1601 1662 1651 Catilinariae,

190 1699 266 1739 pro
300 1683 507 1737 Ligario,
551 1696 628 1736 pro
661 1681 888 1732 Deiotaro,
920 1697 996 1736 pro
1028 1681 1217 1728 Archia,
1263 1680 1520 1736 Philippicae
1552 1680 1662 1730 duze,

189 1770 278 1802 tum
315 1760 555 1815 separatim
590 1761 632 1799 in
665 1759 917 1810 Rosciana),
950 1758 1232 1800 Buechnerus
1267 1760 1326 1809 (in
1362 1767 1469 1799 orat.
1505 1772 1583 1813 pro
1617 1758 1664 1800 S.

187 1839 382 1888 Roscio),
415 1837 787 1892 Stuerenburgius
819 1839 879 1892 (in
914 1847 1022 1879 orat.
1057 1854 1133 1894 pro
1152 1838 1330 1887 Archia,
1361 1839 1483 1878 cuius
1515 1846 1660 1878 tamen

187 1916 327 1957 altera
369 1916 562 1956 editione
603 1930 707 1956 usus
750 1931 834 1957 non
876 1916 1019 1971 sum),
1077 1916 1296 1957 Soltlanus
1328 1916 1388 1969 (in
1425 1923 1550 1957 oratt.
1581 1928 1659 1970 p'ro

186 1996 368 2051 Ligario
408 2003 451 2035 et
493 2008 570 2048 pro
613 1993 860 2048 Deiotaro).
950 1994 1061 2036 Nam
1098 1995 1343 2035 Freundius
1382 1996 1426 2033 in
1461 1995 1659 2034 oratione

186 2073 433 2114 Miloniana
478 2080 644 2112 tantum
679 2073 916 2127 imaginem
949 2074 1110 2113 codicis
1143 2073 1411 2112 Erfurtensis
1442 2071 1659 2112 exhibere

186 2149 342 2191 voluit.
416 2150 488 2189 'Ex
531 2148 597 2188 his
646 2149 841 2189 Orellius
885 2158 927 2189 et
970 2149 1173 2189 Klotzius
1222 2164 1317 2189 mea
1353 2149 1544 2189 editione
1587 2149 1658 2189 usi

185 2236 318 2278 sunt,
353 2237 422 2278 ut,
474 2227 556 2265 nisi
598 2225 726 2266 huius
770 2229 1128 2266 consuetudinem
1176 2240 1376 2277 nossem,
1421 2228 1656 2267 miraturus

183 2306 366 2356 fuerim,
410 2306 445 2345 si
490 2303 598 2344 nihil
630 2304 772 2353 aliud,
817 2306 889 2359 qui
933 2306 971 2344 ei
1014 2306 1056 2344 in
1105 2313 1292 2345 mentem
1341 2306 1536 2345 venisset
1566 2313 1655 2345 tam

182 2383 376 2439 gloriose
416 2382 495 2422 illa
538 2383 602 2432 (in
644 2382 898 2436 praefatione
933 2384 1058 2437 primi
1094 2382 1329 2422 voluminis
1379 2398 1417 2437 p.
1450 2381 1655 2435 LXXV)

182 2462 233 2501 de
278 2462 475 2501 oratione
516 2460 755 2515 Ligariana
795 2475 819 2500 a
860 2474 907 2500 se
951 2461 1089 2514 primo
1130 2475 1189 2501 ex
1232 2462 1391 2501 misera
1440 2461 1656 2515 deprava-

181 2541 299 2580 tione
348 2540 400 2579 ad
444 2538 669 2579 meliorem
710 2539 895 2578 formam
939 2547 1144 2579 revocata
1186 2538 1403 2589 scribere,
1469 2540 1513 2579 in
1566 2551 1657 2593 quo

181 2619 313 2656 etiam
348 2615 566 2658 VVunderi
599 2615 760 2658 oblitus
792 2624 872 2657 est.
938 2615 1185 2657 Beneckius
1216 2604 1359 2658 meum
1394 2614 1649 2669 exemplum

182 2695 374 2734 nancisci
426 2708 473 2734 se
521 2696 718 2748 potuisse
771 2702 929 2749 negat,
993 2709 1134 2750 neque
1186 2696 1321 2735 ceteri
1377 2693 1648 2744 habuerunt3

181 2786 280 2812 nam
325 2771 573 2826 redemptor
615 2786 767 2825 parum
809 2781 1067 2823 curaverat,
1127 2780 1175 2812 ut
1214 2771 1327 2811 liber
1369 2770 1421 2810 ad
1466 2778 1657 2810 exteros

180 2851 445 2903 perveniret.
510 2849 597 2890 Sed
629 2850 825 2903 criticum
854 2858 1127 2906 apparatum,
1160 2847 1341 2903 prolatis
1373 2849 1501 2889 novis
1531 2847 1652 2889 codi-
