1821 3309
249 185 316 237 28

177 341 273 369 esse
305 324 524 375 videntur,
553 323 638 364 nisi
672 329 718 363 ut
745 321 961 363 rationem
991 319 1210 372 redderet,
1243 334 1317 362 our
1344 334 1391 361 se
1417 319 1509 362 illis
1541 321 1646 362 civi-

176 404 339 447 tatibus
388 403 566 445 exsules
611 403 854 450 dicassent3
895 402 1044 456 itaque
1086 401 1148 441 sic
1196 400 1476 457 adiungenda
1514 408 1646 456 puto:

175 496 301 539 quum
325 481 440 524 hanc
463 488 566 524 ante
598 484 801 522 anu'ltere
831 493 917 521 non
940 482 1201 534 potuissent.
1269 479 1317 520 In
1343 479 1483 522 altero
1510 493 1646 521 mem·-

172 563 252 604 bro
287 561 542 603 mendosum
585 569 651 602 est
681 559 824 611 huius,
861 573 938 615 pro
974 573 1058 614 quo
1094 560 1139 600 in
1171 559 1262 600 Erf.
1296 567 1362 600 est
1396 557 1453 609 h„
1487 558 1531 600 id
1563 565 1645 610 est,

174 643 219 682 in
251 640 330 682 illo
367 641 531 692 codice,
571 639 651 681 hoc
694 647 769 679 aut
802 644 961 689 autem,
996 638 1039 678 in
1074 637 1177 678 edit.
1213 653 1251 681 a.
1279 639 1393 679 1472
1421 633 1488 693 [et
1521 634 1645 678 codd.

175 717 278 776 AB]
330 717 437 766 Ιιοος
497 719 546 759 ἰη
599 717 738 758 Paris.
790 730 961 771 quoque
1022 714 1276 771 ambiguum
1339 715 1645 772 compendium

174 797 312 839 fuisse
354 798 580 853 stlspicor3
622 810 722 836 nam
757 794 1004 850 Krarupius
1049 808 1205 835 vocem
1250 797 1423 850 punctis
1457 795 1645 846 notavit,

174 877 374 933 apposito
417 890 605 932 superne
650 873 951 929 interrogandi
995 874 1137 928 signo,
1202 873 1331 914 Licet
1370 875 1506 930 igitur
1535 873 1646 915 scri-

175 955 302 997 bere:
349 968 474 1010 quam
524 953 605 994 hoc
648 954 783 993 solnm
842 955 1038 992 ce've'tale's
1093 955 1642 1005 mutatione,vertissent,-

174 1047 328 1074 verum
376 1047 476 1073 num
512 1030 593 1072 hoc
634 1031 767 1071 solam
803 1032 847 1071 in
894 1031 974 1071 hac
1010 1029 1233 1071 locutione
1275 1031 1360 1072 dici
1403 1031 1557 1086 possit,
1601 1029 1643 1071 id

176 1122 256 1161 est,
288 1111 546 1161 Romanum,
574 1108 766 1150 dubitari
797 1118 957 1164 potest,
986 1124 1117 1164 quum
1144 1110 1277 1150 solum
1306 1111 1514 1151 universe
1540 1108 1645 1165 poni

176 1189 380 1231 videatur
409 1198 453 1230 et
479 1190 530 1230 de
563 1203 615 1230 eo
643 1188 756 1239 loco,
788 1190 861 1244 qui
889 1187 1179 1244 relinquatur,
1212 1198 1252 1228 et
1278 1188 1329 1229 de
1351 1203 1420 1239 eo,
1446 1189 1490 1228 in
1515 1201 1644 1242 quem

175 1270 399 1321 veniatur-3
441 1278 531 1309 tum
569 1267 711 1308 solum
753 1269 868 1308 verti
904 1268 1043 1308 videri
1075 1276 1219 1323 potest
1251 1269 1347 1323 ipsa
1380 1265 1645 1322 migratione

173 1348 339 1403 (itaque
371 1347 543 1388 additur
573 1346 791 1387 interdum
829 1347 988 1387 exsilii
1022 1350 1192 1400 causa),
1225 1361 1310 1387 non
1347 1345 1460 1387 alius
1490 1345 1644 1386 civita-

173 1427 228 1467 tis
262 1427 556 1480 susceptione.
620 1425 810 1466 Meliora
840 1434 984 1467 tamen
1016 1440 1101 1466 non
1135 1427 1325 1481 reperio,
1359 1440 1438 1466 nec
1471 1425 1646 1469 videtur

174 1502 329 1545 Cicero
372 1505 418 1544 in
460 1504 528 1545 his
573 1503 945 1559 disputationibus
976 1505 1210 1545 admodum
1251 1503 1462 1560 religiose
1493 1515 1644 1544 veram

175 1584 263 1624 vim
296 1592 338 1624 et
372 1597 497 1624 usum
535 1592 735 1624 veterum
770 1582 1058 1625 formularum
1096 1597 1290 1624 servare.
1349 1582 1436 1623 Sed
1471 1590 1518 1622 ut
1552 1581 1645 1623 haee

171 1663 338 1703 incerta
369 1670 496 1713 sunt,
533 1664 596 1703 ita
626 1661 737 1703 illud
770 1670 963 1713 certum,
1008 1676 1086 1717 pro
1120 1662 1323 1713 vide'mzls,
1358 1661 1471 1718 quod
1504 1669 1570 1702 est
1599 1661 1645 1701 in

172 1741 295 1782 codd.
312 1749 353 1783 et
367 1741 478 1790 edd„
504 1739 783 1782 scribendum
811 1755 907 1781 esse
924 1740 1132 1781 videmus.
1183 1738 1298 1780 Illud
1315 1738 1643 1794 significati-em

173 1820 358 1860 oratoris
399 1826 441 1859 et
471 1819 717 1860 auditorum
751 1821 961 1861 memoria
996 1819 1172 1869 factam,
1207 1820 1330 1860 cuius
1364 1819 1449 1871 ipsi
1479 1818 1643 1858 fuerint

171 1905 456 1951 spectatores,
501 1905 636 1938 testes
677 1899 764 1938 sint
808 1899 872 1951 (ut
905 1897 1002 1938 vide·
1035 1897 1060 1951 ἓ
1094 1898 1184 1951 30),
1228 1896 1310 1938 hoc
1353 1897 1557 1937 traditam
1600 1904 1644 1937 et

171 1975 307 2032 vulgo
341 1984 504 2027 notam,
535 1977 647 2032 quod
683 1976 751 2017 hic
780 1976 926 2018 locum
960 1975 1106 2017 habet.
1151 1973 1264 2016 Nam
1299 1973 1348 2016 C.
1380 1974 1490 2016 Cato
1521 1975 1640 2016 dam-

171 2063 299 2096 natus
338 2063 430 2095 erat
470 2064 661 2110 septem,
709 2064 941 2111 antequam
987 2053 1142 2095 Cicero
1193 2063 1259 2095 est
1300 2062 1452 2105 natus,
1499 2054 1641 2104 annis,

172 2132 227 2182 Q.
250 2131 398 2188 Caepio
415 2147 544 2183 anno,
571 2133 764 2175 Rutilius
792 2134 1138 2190 quattuordecim
1169 2141 1266 2187 post
1297 2134 1438 2184 annis,
1464 2131 1639 2188 reliqui,

170 2221 217 2252 ut
248 2211 438 2262 videtur,
471 2213 601 2252 etiam
636 2214 772 2267 prius.

283 2288 391 2345 Cap.
425 2288 489 2341 12,
519 2291 575 2331 29
606 2291 701 2331 duae
735 2299 836 2332 sunt
866 2291 1079 2341 codicum,
1128 2303 1310 2346 quorum
1354 2288 1528 2344 aliquod
1569 2297 1635 2329 est

169 2376 463 2419 momentum,
515 2370 766 2424 scripturae,
817 2369 959 2410 altera
1009 2370 1149 2410 tertiae
1181 2362 1364 2409 familiae
1395 2367 1465 2418 (S.
1495 2366 1633 2415 vict„

169 2448 244 2498 Ε.,
299 2447 437 2498 Pall.,
497 2446 625 2489 Oxx.
676 2446 913 2503 plurium):
991 2448 1135 2502 Atque·
1202 2453 1360 2488 ceteroe
1431 2448 1637 2486 civitates

170 2539 314 2567 omnes·
353 2539 438 2567 non
479 2526 732 2568 dubitarent
770 2532 940 2568 nostros
973 2530 1171 2580 recipere
1202 2529 1249 2566 in
1280 2538 1383 2566 suas
1416 2527 1634 2573 civilalex,

169 2603 309 2645 altera
336 2605 485 2658 primae
516 2605 635 2658 (Par.
661 2604 816 2656 Herv„
843 2603 1044 2658 Lamb.)t
1074 2604 1218 2658 Atque·
1246 2608 1402 2642 celeroe
1430 2603 1636 2641 civitates

168 2695 255 2723 non
298 2680 555 2722 dubitarent
587 2688 755 2723 nostros
789 2697 933 2724 omues·
966 2683 1028 2737 (id
1063 2690 1144 2732 est,
1175 2689 1222 2721 ut
1253 2678 1504 2721 Gulielmus
1535 2677 1634 2720 vul-

168 2773 318 2815 garem
361 2773 553 2803 errorem
598 2762 808 2813 correxit,
841 2761 1051 2817 homines)
1085 2763 1283 2815 recipere
1312 2762 1359 2800 in
1390 2771 1492 2800 suas
1526 2760 1632 2798 civi-
