1821 3309
306 228 407 282 ²06

924 663 1014 733 V.

326 849 415 902 De
469 846 612 903 loeis
663 847 882 919 aliquot
939 847 1331 922 grammaticae
1392 845 1618 902 Latinae

422 947 848 1001 admonitiones
898 955 955 1001 et
1003 946 1453 1002 observationeS.
1478 944 1520 1019 ¹)

242 1182 495 1260 Neminem
532 1218 720 1260 arbitror
757 1221 852 1262 iure
897 1222 1045 1262 mirari
1089 1234 1236 1276 posse,
1273 1233 1390 1271 eum,
1431 1220 1500 1260 cui
1543 1218 1709 1260 Latinae

242 1297 405 1353 linguae
430 1297 773 1353 Latinarumque
804 1297 1049 1339 litterarum
1075 1298 1369 1339 docendarum
1400 1311 1557 1339 munus
1587 1312 1708 1339 man-

244 1376 390 1417 datum
424 1376 496 1426 sit,
530 1375 581 1416 de
613 1378 899 1431 grammatica
930 1376 1091 1418 Latina
1124 1375 1332 1417 seribere.
1393 1374 1547 1429 Itaque
1587 1375 1711 1417 nulla

244 1455 533 1495 excusatione
575 1468 683 1509 opus
715 1469 811 1496 esse
843 1464 963 1511 puto,
1000 1455 1114 1511 quod
1146 1456 1233 1496 iam
1268 1455 1427 1495 iterum
1462 1453 1712 1495 huiusmodi

244 1533 471 1574 materiam
528 1534 779 1588 scriptionis
834 1533 1092 1575 academicae
1140 1532 1314 1589 deligo,
1371 1532 1605 1575 dummodo
1661 1547 1714 1574 ea

245 1612 453 1663 afferam,
506 1625 600 1667 quae
652 1613 847 1654 novitate
899 1612 1046 1668 aliqua
1092 1620 1135 1653 et
1177 1626 1322 1653 rerum
1363 1610 1594 1654 dubiarum
1639 1621 1714 1653 aut

243 1692 543 1744 ignoratarum
582 1690 880 1747 explicatione
920 1691 1035 1732 hunc
1074 1690 1221 1732 locum
1268 1682 1427 1732 mereri
1469 1690 1712 1732 videantur.

246 1768 334 1809 Sed
384 1777 530 1809 tamen
574 1771 780 1824 quoniam
822 1777 952 1811 antea
993 1784 1127 1811 unum
1170 1769 1387 1825 quendam
1431 1767 1575 1811 locum
1624 1767 1713 1810 late

243 1854 464 1901 patentem
505 1848 711 1889 continua
752 1848 1048 1904 disputatione
1089 1856 1346 1902 persecutus
1384 1861 1480 1888 sum
1503 1848 1555 1900 2),
1599 1861 1712 1888 nunc

245 1923 466 1965 miscellas
500 1923 833 1967 obseruationes
878 1935 920 1967 et
962 1927 1283 1968 admonitiones
1326 1939 1538 1982 propono,
1572 1925 1712 1968 dicam

245 2003 452 2054 breviter,
488 2005 561 2060 qui
592 2019 661 2045 me
693 2019 819 2047 casus
848 2014 891 2046 et
921 2005 974 2046 ad
1006 2005 1089 2047 hoc
1120 2006 1369 2061 argumenti
1411 2018 1551 2061 genus
1585 2013 1629 2046 et
1658 2004 1712 2046 ad

246 2082 359 2123 hanc
396 2081 613 2123 scribendi
658 2084 842 2125 formam
885 2085 967 2126 hoc
1006 2094 1203 2140 tempore
1234 2082 1457 2125 detulerit.
1526 2081 1714 2124 Carolus

247 2160 491 2213 Zumptius,
532 2160 754 2214 professor
796 2161 1114 2213 Bemlinensis,
1157 2163 1223 2203 vir
1257 2161 1543 2208 clarissimus,
1582 2175 1712 2216 quum

246 2238 575 2293 grammaticam
603 2252 724 2279 suam
751 2237 954 2280 Latinam
983 2241 1216 2294 septimum
1246 2239 1456 2279 edidisset
1483 2238 1540 2291 (a.
1571 2238 1715 2293 1834),-

245 2317 373 2371 petiit
412 2330 438 2357 a
477 2329 574 2365 me,
623 2326 696 2368 ut,
753 2319 792 2358 si
831 2318 932 2374 quid
976 2318 1088 2360 forte
1129 2316 1239 2359 mihi
1281 2316 1441 2358 librum
1486 2315 1713 2358 evolventi

248 2395 532 2444 occurrisset,
581 2396 695 2450 quod
740 2397 992 2437 mutandum
1039 2395 1346 2452 augendumve
1389 2403 1618 2450 putarem,
1673 2399 1713 2438 ei

248 2471 556 2529 significarem.
624 2473 822 2525 Accidit,
863 2484 907 2516 ut
954 2474 1086 2532 paulo
1130 2482 1254 2530 post,
1304 2482 1455 2516 aestate
1503 2489 1541 2516 a.
1586 2477 1713 2525 1835,

276 2653 303 2693 ¹)
342 2650 479 2695 [Editae
517 2663 547 2684 a.
578 2654 679 2685 1837.
728 2651 875 2686 Harum
910 2663 1062 2698 quoque
1089 2651 1395 2686 admonitionum
1421 2661 1585 2685 summas
1613 2662 1716 2685 nunc

339 2711 565 2746 brevissime
600 2717 816 2748 contractas
850 2713 893 2747 in
930 2713 1184 2759 grammaticae
1219 2713 1362 2748 Latinae
1401 2710 1713 2747 institutionibus

343 2771 560 2806 scholarum
585 2773 673 2807 usui
702 2774 858 2820 seriptis
883 2775 1023 2821 posui.]

275 2836 305 2873 ²)
345 2833 403 2867 De
429 2833 638 2867 formarum
657 2835 894 2880 quarundam
920 2836 1031 2870 uerbi
1055 2836 1180 2871 Latini
1203 2840 1338 2871 natura
1363 2839 1399 2870 et
1423 2846 1506 2870 usu.
1557 2835 1601 2870 A.
1626 2836 1715 2867 1835

345 2899 381 2928 et
413 2897 510 2928 1836.
566 2894 702 2941 [Supra
732 2908 765 2942 p.
794 2900 838 2931 60
865 2899 961 2944 sqq]
