1821 3309
1408 218 1508 267 2³9

104 369 266 413 neque,
294 369 387 411 quae
420 355 549 396 huius
580 356 643 396 rei
675 355 815 396 forma
845 363 998 410 postea
1032 365 1207 398 servata
1247 359 1319 409 sit,
1361 361 1577 405 novimus,

109 434 170 474 ita
203 435 310 474 satis
353 442 517 475 certum
562 441 643 483 est,
684 433 796 488 quod
843 434 954 484 dixi,
988 436 1116 475 trium
1152 435 1326 476 illorum
1365 452 1575 492 generum

110 511 319 567 aequalem
353 513 702 552 coniunctionem
731 519 943 551 retentam
977 526 1089 563 esse,
1121 528 1251 567 quum
1287 515 1325 554 id
1359 514 1577 555 Asconius

110 591 153 629 in
206 598 466 644 argumento
508 588 763 629 Milonianae
818 597 861 628 et
917 588 990 628 ubi
1045 592 1328 631 reiectionem
1386 592 1575 632 iudicum

109 675 443 718 commemorat,
499 665 719 721 significet
746 667 778 717 ¹)
837 675 878 706 et
924 668 966 706 in
1011 677 1211 709 extremo
1262 672 1576 711 commentario

109 754 280 801 quatter
322 747 382 799 (p.
425 747 509 786 158
551 754 594 785 et
637 747 719 785 159
760 744 883 797 Ποῖ.)
925 747 965 785 ἰη
1009 761 1139 787 causa
1171 745 1353 787 Milonis
1387 757 1428 787 et
1463 748 1578 798 aliis,

110 837 204 879 quae
230 824 382 865 eadem
405 823 507 879 lege
532 832 638 864 actae
663 832 778 874 sunt,
810 826 1049 864 sententias
1072 834 1340 876 senatorum,
1368 827 1578 881 equitum,

111 901 382 943 tribunorum
414 903 663 942 aerariorum
700 901 935 956 diligenter
968 903 1209 959 distinguat
1241 913 1282 944 et
1317 904 1578 944 dinumeret.

111 980 196 1021 Sed
234 979 285 1021 C.
326 968 542 1020 Caesarem
585 980 772 1021 ”iudicia
814 981 865 1021 ad
902 982 986 1021 duo
1029 996 1192 1036 genera
1237 982 1426 1022 iudicum
1455 982 1577 1022 rede-

110 1060 245 1113 gisse,
289 1057 485 1098 tribunos
532 1059 724 1108 aerarios,
772 1058 884 1112 quod
921 1067 1036 1097 esset
1079 1059 1270 1108 tertium,
1305 1058 1579 1109 sustulisse,·’

110 1137 348 1177 Suetonius
392 1145 538 1177 narrat
577 1134 675 1189 (Iul.
721 1151 756 1176 c.
787 1137 887 1188 41);
919 1135 1030 1190 qnod
1067 1151 1106 1176 a.
1140 1138 1195 1176 46
1226 1151 1264 1176 a.
1299 1135 1379 1177 Ch.
1414 1137 1576 1178 factum

110 1228 223 1265 esse,
256 1212 342 1255 Dio
371 1211 551 1254 Cassius
583 1213 772 1253 ostendit
804 1213 993 1267 (XLIII,
1027 1215 1116 1267 25),
1150 1216 1223 1269 qui
1255 1223 1384 1256 antea
1417 1219 1462 1258 ἐκ
1496 1215 1579 1258 τοῦ

109 1290 274 1349 ὁμίλου
314 1286 447 1340 τινάς
491 1291 622 1332 simul
673 1292 889 1332 iudicasse
933 1292 1108 1343 scribit,
1161 1292 1358 1333 tribunos
1400 1295 1579 1334 aerarios

109 1369 381 1428 significans.
438 1369 564 1411 Hanc
594 1369 738 1425 legem
771 1369 928 1411 Iuliam
972 1366 1126 1411 Cicero
1162 1372 1356 1411 nominat
1388 1371 1579 1426 Philipp.

111 1448 146 1499 I,
177 1450 220 1499 8,
249 1450 319 1489 20.
378 1447 472 1490 Nec
517 1457 614 1504 post
655 1463 750 1488 eam
796 1448 887 1488 ulla
928 1451 971 1489 in
1020 1448 1107 1489 ulla
1142 1464 1188 1489 re
1230 1451 1391 1489 mentio
1425 1448 1474 1489 fit
1506 1451 1581 1490 tri-

113 1526 327 1568 bunorum
371 1528 640 1577 zen-ariorum,
684 1536 746 1577 ut,
791 1526 965 1567 sublato
1009 1526 1086 1567 illo
1134 1528 1353 1568 iudicandi
1384 1542 1579 1576 munere,

112 1604 279 1646 nullum
332 1620 407 1646 eos
452 1607 495 1646 in
543 1605 767 1661 republica
806 1605 935 1646 huius
986 1607 1125 1646 aetatis
1166 1605 1311 1646 locum
1359 1605 1581 1657 habuisse,

111 1685 208 1725 iure
249 1684 416 1736 credas,
460 1699 511 1725 eo
555 1686 710 1739 inagiS‚
766 1684 879 1739 quod
924 1698 976 1724 ne
1016 1693 1116 1724 ante
1144 1684 1306 1742 ‘legem
1352 1684 1580 1726 Aureliam

114 1763 288 1819 quidem
321 1777 501 1818 usquam
536 1768 930 1803 commemorantur
962 1763 1044 1802 nisi
1077 1762 1213 1803 semel
1242 1764 1286 1803 in
1318 1765 1446 1803 unius
1477 1765 1582 1804 scri-

112 1843 265 1895 ptoris,
309 1842 446 1895 ipsius
481 1841 744 1896 perantiqui,
777 1838 989 1881 Catonem
1021 1840 1133 1891 dico,
1169 1840 1469 1895 explicatione
1509 1857 1581 1882 ve-

114 1921 343 1962 tustissimi
382 1921 489 1960 iuris
534 1927 575 1959 et
623 1919 737 1973 apud
786 1933 876 1969 eos,
911 1920 983 1973 qui
1018 1920 1367 1959 intermorientia
1400 1928 1582 1960 vetustae

113 2000 254 2040 aetatis
300 2000 478 2039 nomina
523 2006 565 2038 et
610 1998 808 2038 instituta
845 1997 1118 2051 interpretati
1164 2005 1287 2046 sunt,
1334 1996 1581 2038 Varronem

116 2088 158 2117 et
191 2076 368 2118 Festum
387 2076 438 2129 2).

203 2257 423 2303 intelligere
462 2256 615 2291 videtur
651 2255 696 2290 dc
731 2255 953 2290 nominihus
992 2255 1180 2290 lectorum
1211 2256 1252 2290 in
1280 2255 1366 2290 albo
1392 2260 1429 2290 et
1455 2255 1582 2289 tabula

204 2318 427 2366 propositis,
476 2317 610 2352 Manet
634 2318 820 2352 molestus
840 2329 932 2351 usus
959 2318 1119 2363 genitivi
1147 2318 1188 2352 in
1213 2318 1274 2352 his
1301 2317 1450 2351 verbis:
1478 2319 1580 2350 Alio-

206 2394 287 2415 rum
307 2392 451 2427 quoquc
479 2381 643 2413 iudicum
669 2399 711 2406 —-
738 2371 940 2423 Pompeius
966 2381 1064 2413 tales
1087 2381 1308 2424 proposuit]

145 2446 171 2483 ¹)
209 2454 245 2488 p.
263 2444 330 2475 148
360 2441 450 2476 ssot.
476 2447 518 2474 nt
544 2442 678 2486 quinos
704 2452 748 2474 ex
774 2440 936 2484 singulis
962 2441 1159 2473 ordinibus
1186 2444 1403 2478 accusator,
1430 2439 1584 2472 totidem

209 2516 294 2537 rens
331 2504 526 2540 reticeret,-
577 2511 706 2533 omnes
741 2500 904 2533 reiectos
941 2510 1023 2533 esse
1063 2499 1234 2534 ostendit
1274 2498 1412 2539 XXX,
1456 2503 1497 2532 ut
1539 2510 1582 2531 ex

207 2563 375 2598 LXXXI
399 2565 596 2596 manerent
623 2560 683 2596 LI.
742 2560 995 2606 Indiligenter
1014 2560 1087 2594 Dio
1109 2560 1214 2595 Cass.
1245 2560 1400 2595 omnino
1422 2561 1584 2608 quinque

207 2636 276 2672 pro
304 2624 431 2671 quinis
459 2635 502 2657 ex
531 2622 693 2668 singulis
716 2623 917 2657 ordinibus
944 2622 1064 2669 ponit.

138 2689 170 2730 ²)
208 2685 366 2720 Catonis
396 2685 508 2720 verba
546 2689 634 2718 sunt
664 2695 707 2717 ex
734 2685 858 2731 primo
887 2683 1171 2732 epistolicarum
1200 2683 1455 2729 quaestionum
1485 2682 1583 2729 apud

208 2747 375 2781 Gellium
403 2747 501 2789 Vll,
539 2750 598 2780 102
637 2747 928 2792 Plynoriscapz'o
958 2749 1002 2782 oh
1030 2760 1078 2782 oes
1110 2748 1299 2786 militm-c,
1340 2745 1439 2788 quod
1473 2757 1523 2778 ces
1560 2757 1583 2776 α

210 2810 360 2844 tribuno
389 2812 525 2844 cerm-io
556 2810 658 2844 vitiles
684 2809 856 2853 accipere
882 2809 1066 2851 debebat,
1091 2810 1310 2844 vocabulum
1336 2818 1498 2840 seorsum
1525 2806 1582 2851 fil.

210 2868 331 2904 Varro
359 2869 404 2904 de
430 2871 472 2907 L.
499 2871 536 2906 L.
564 2871 598 2905 Y
622 2869 714 2915 (lv)
741 2881 774 2915 p.
805 2872 848 2904 49
874 2869 956 2915 Bip.
990 2872 1077 2915 (180
1104 2869 1283 2917 Speng.):
1328 2868 1376 2901 ab
1403 2869 1467 2901 hoc
1495 2865 1582 2909 (tri-
