1821 3309
136 329 216 383 lll,
247 334 291 381 2,
325 334 394 374 49.
463 330 688 373 Interdum
722 331 898 386 quidem
931 330 1170 373 celeritatis
1201 331 1470 389 significatio
1492 348 1613 388 pror·

139 425 213 452 sus
247 413 362 453 cedit
390 410 673 453 affirmationi
709 411 939 461 minantis,
987 420 1035 451 ut
1077 412 1192 465 apud
1240 411 1421 453 Terent.
1464 412 1614 455 Heau-

137 498 244 531 tont.
276 489 310 540 Ι,
343 493 383 542 1,
416 491 498 531 55:
540 495 606 530 set
636 493 678 529 si
706 488 754 529 id
783 502 869 529 non
886 488 1044 538 faci-r,
1085 487 1212 543 Ego,
1252 489 1370 545 quod
1397 503 1462 531 me
1492 495 1537 532 in
1573 497 1616 533 le

133 571 197 609 tit
212 566 382 618 facere
413 569 619 623 «lignum,
660 572 896 619 invenero,
940 581 1026 623 quo
1069 568 1278 624 exemplo
1318 584 1404 611 non
1452 572 1615 626 optime

135 649 272 689 utitur
303 647 647 689 Lindemannus.

249 727 329 769 IV.
390 727 461 768 Ex
509 742 589 778 ea,
637 741 765 782 quam
810 728 937 768 initio
971 728 1127 782 attigi,
1175 726 1503 784 significatione
1536 731 1617 780 rei,

137 821 232 864 quae
266 808 351 848 iam
389 806 593 848 absoluta
624 815 743 847 certo
778 815 998 847 momento
1030 807 1124 848 fore
1165 808 1379 859 videatur,
1410 809 1448 849 is
1482 811 1618 850 oritur

138 901 259 938 usus,
293 901 378 943 quo
409 887 604 928 futurum
639 894 844 926 exactum
878 888 1054 941 ponitur
1089 886 1141 927 de
1174 901 1242 937 eo,
1276 887 1390 942 quod
1424 889 1521 943 quis
1552 889 1618 929 in-

141 967 295 1017 terim,
358 967 460 1007 dum
516 964 635 1006 aliud
680 964 781 1020 quid
825 963 897 1015 fit,
968 963 1289 1020 aliquantisper
1341 966 1469 1015 facit,
1537 969 1619 1008 etsi

139 1043 261 1087 nulla
291 1043 443 1086 subest
476 1041 745 1100 significatio
781 1044 843 1084 rei
877 1041 1172 1098 perficiendae,
1216 1044 1292 1085 sed
1325 1044 1439 1100 quod
1472 1054 1615 1086 tamen

137 1125 322 1167 actionis
358 1125 472 1164 intra
504 1123 714 1178 temporis
747 1123 937 1177 spatium
969 1122 1187 1164 conclusae
1221 1122 1322 1164 finis
1355 1132 1397 1165 et
1432 1123 1618 1165 ulterius

139 1213 309 1260 tempus
361 1204 507 1244 animo
562 1201 839 1243 obversatur.
925 1201 1070 1243 Huius
1127 1205 1304 1258 generis
1360 1203 1451 1244 liaec
1497 1213 1619 1245 sunt:

140 1282 283 1325 Plaut.
330 1281 483 1324 Aulul.
526 1281 614 1332 lv,
654 1283 707 1329 5,
748 1282 798 1322 6:
864 1280 1100 1336 Tantisper
1133 1281 1205 1322 lee'c
1241 1297 1320 1337 ego
1354 1283 1414 1323 ml
1443 1286 1619 1323 iamlam

141 1375 418 1410 concessero,-
453 1359 734 1410 Mostel.111‚
765 1362 805 1410 1,
830 1362 936 1402 157:
970 1360 1054 1402 lanc
1087 1375 1354 1412 concessero,
1387 1360 1623 1403 Dumma'ht'

141 1448 337 1482 senatum
374 1440 553 1481 consilii
580 1443 627 1480 in
660 1453 735 1479 cor
763 1453 979 1488 convoc03
1013 1440 1219 1482 Pseudol.
1254 1440 1288 1491 1,
1318 1443 1360 1492 5,
1395 1443 1500 1482 160:
1549 1441 1620 1483 Τι’-

142 1520 268 1562 bicen
314 1533 390 1561 vos·
433 1523 605 1559 interea
649 1517 721 1558 ln'c
752 1517 1042 1560 delectaverit
1066 1520 1126 1570 ¹),·
1179 1519 1425 1561 Trinumm.
1462 1519 1544 1569 ΙΙΙ,
1580 1523 1620 1570 1,

139 1601 218 1641 24:
253 1598 355 1640 Huc
372 1599 645 1653 aliquantum
661 1595 925 1639 abscessero.
985 1598 1113 1639 Addo
1134 1598 1232 1639 Mil.
1252 1598 1362 1650 11,2,
1392 1601 1462 1650 45,
1496 1598 1621 1640 Trin.

144 1678 224 1730 lv,
253 1679 297 1729 2,
329 1678 425 1727 165,
471 1677 598 1733 Epid.
632 1675 711 1726 ΙΙΙ,
743 1679 784 1728 4,
816 1679 873 1718 ’78
904 1678 1004 1730 (etsi
1042 1677 1101 1717 ibi
1138 1692 1223 1718 non
1259 1688 1345 1719 tam
1383 1679 1465 1720 hoc
1495 1679 1622 1720 dicit:

144 1756 272 1798 abibo
296 1756 544 1811 paulisper,
580 1769 708 1811 quam
742 1755 846 1797 hoc:
892 1770 1008 1796 nunc
1033 1755 1175 1806 abibo,
1209 1756 1287 1797 sed
1314 1763 1416 1811 post
1443 1757 1620 1804 νειίίόος

143 1835 398 1885 celeritatis,
430 1849 559 1891 quam
581 1834 913 1875 Lindemannus
948 1836 1093 1875 inesse
1126 1844 1248 1890 putat
1281 1835 1336 1877 ob
1359 1837 1625 1892 praecedens,

144 1916 317 1971 opinor,
346 1927 553 1969 propera,
586 1912 709 1954 nulla
741 1921 808 1953 est
841 1912 1154 1969 significatio;)
1187 1923 1228 1955 et
1262 1914 1444 1956 Terent.
1476 1915 1624 1957 Heau-

144 2003 253 2036 tont.
285 1993 320 2044 l,
352 1995 393 2044 1,
425 1994 523 2034 122.

256 2071 314 2113 V.
374 2071 513 2113 Paulo
553 2070 732 2126 longius
771 2086 796 2112 a
836 2073 978 2127 prima
1022 2073 1195 2128 origine
1245 2072 1454 2123 discedit,
1507 2074 1623 2113 omni

143 2152 237 2193 fere
267 2152 481 2207 praeteriti
511 2152 691 2193 notione
726 2149 902 2192 sublata
944 2166 994 2192 ac
1035 2166 1088 2192 ne
1123 2150 1416 2192 absolutionis
1451 2151 1625 2207 quidem

144 2231 231 2271 nisi
280 2229 464 2272 obscure
509 2238 704 2282 retenta,
759 2230 895 2271 futuri
930 2232 1079 2272 exacti
1111 2245 1216 2272 usus
1248 2232 1291 2272 in
1324 2231 1385 2272 rei
1414 2229 1626 2272 dilatione

146 2308 461 2366 significanda;
510 2310 712 2352 dissertur
754 2319 899 2351 tamen
941 2327 1010 2353 res
1043 2313 1086 2353 in
1120 2326 1252 2352 tinum
1288 2311 1505 2368 quoddam
1538 2324 1629 2351 mo-

147 2397 342 2429 mentum
373 2391 584 2445 temporis
617 2390 771 2439 futuri,
806 2390 921 2445 quod
954 2391 1185 2444 expletura
1213 2400 1304 2441 est3
1337 2399 1377 2431 et
1411 2390 1504 2430 haec
1535 2389 1627 2430 fere

149 2465 245 2508 sola
285 2475 484 2507 remanet
526 2469 646 2508 notio
696 2470 884 2508 seiuncti
930 2478 973 2509 et
1019 2470 1288 2510 transeuntis
1332 2469 1542 2509 momenti
1586 2477 1628 2509 et

149 2559 264 2600 saepe
296 2544 351 2586 ab
383 2544 472 2587 alia
505 2547 677 2588 actione
709 2546 941 2601 pendentis
957 2547 1009 2600 ²).
1076 2548 1203 2601 Saepe
1242 2546 1460 2588 adduntur
1494 2548 1628 2603 parti-

177 2746 210 2790 ¹)
248 2746 394 2782 Praeter
419 2744 493 2781 hoc
520 2745 672 2781 nullum
700 2746 823 2782 habeo
851 2747 1067 2796 exemplum
1095 2747 1171 2783 nisi
1196 2747 1329 2795 primae
1355 2757 1540 2795 personae.

175 2808 204 2851 ²)
245 2807 333 2842 Non
354 2808 491 2856 utique
512 2808 617 2843 inest
637 2809 870 2856 significatio
894 2811 1079 2846 momenti
1094 2812 1268 2846 celeriter
1291 2809 1506 2850 transituri,
1527 2808 1630 2856 quod

247 2868 424 2905 nonnulli
450 2870 634 2908 videntur
660 2872 828 2910 credere.
879 2872 973 2908 Nam
999 2873 1066 2922 qui
1092 2875 1190 2910 Post
1214 2874 1344 2911 videro
1371 2872 1479 2913 ‹li-cit,
1505 2871 1538 2906 is
1565 2881 1628 2916 po-
