1821 3309
1427 268 1521 321 291

133 397 340 458 quosdam
381 412 424 444 et
463 404 567 445 olim
599 418 651 444 ea
682 405 742 444 ita
777 413 924 459 captos
958 413 1000 446 et
1033 408 1195 448 nostris
1232 410 1502 465 temporibus
1535 415 1597 456 ita

134 483 244 535 capi,
284 490 328 521 ut
360 483 575 522 interdum
611 483 864 522 temerarias
898 491 941 522 et
973 482 1097 524 leves
1128 486 1172 525 in
1212 501 1264 527 ea
1296 501 1343 528 re
1378 491 1597 532 coniectu-

133 574 204 600 ras
239 570 490 615 sequantur.
556 559 605 599 In
649 574 699 599 ea
733 561 966 611 suavitate,
999 562 1036 601 si
1075 563 1201 603 modo
1237 574 1354 605 recte
1399 576 1441 607 et
1473 578 1597 610 caute

133 652 203 678 res
238 640 398 693 agitur,
439 640 552 678 inest
586 639 715 678 etiam
766 638 996 679 admiratio
1040 641 1234 695 quaedam
1276 641 1476 699 benignae
1508 647 1595 689 for.

131 724 263 767 tunae,
303 731 396 772 quae
430 719 473 757 in
509 726 645 768 tanto,
687 724 731 756 ut
772 717 833 756 ita
867 717 1022 768 dicam,
1053 727 1249 760 veterum
1278 722 1457 776 operum
1492 740 1597 766 nau-

134 795 278 850 fragio
314 805 456 835 tamen
494 810 577 836 non
624 810 721 835 raro
759 796 881 850 quasi
914 795 966 835 de
1010 797 1224 839 industria
1266 801 1426 842 indicia
1462 818 1597 858 parva

131 872 211 914 illa
243 875 432 929 quidem,
476 875 551 914 sed
598 882 742 913 tamen
785 882 902 914 cei-ta
941 878 1201 928 servaverit,
1241 879 1398 933 quibus
1441 883 1483 922 in
1517 883 1596 924 illo

132 966 294 1006 genere
335 963 570 994 uteremur.
638 952 723 994 Sed
769 952 822 992 ad
864 951 974 992 hane
1010 952 1327 1010 benignitatem
1363 958 1450 1000 alia
1482 975 1596 1015 qnae-

131 1032 228 1072 dam
271 1032 475 1072 accedere
519 1030 648 1071 debet
690 1045 815 1071 casus
848 1033 1165 1085 opportunitas,
1196 1042 1243 1073 ut
1274 1049 1339 1085 ea,
1376 1052 1469 1092 quae
1501 1038 1597 1080 lon-

129 1112 310 1165 gissime
356 1109 569 1149 interdum
617 1117 819 1163 separata
863 1109 964 1159 sint,
1008 1122 1095 1149 uno
1134 1123 1180 1150 se
1222 1119 1416 1168 tempore
1461 1120 1596 1158 menti

129 1189 435 1242 memoriaeque
479 1188 541 1226 sic
570 1188 774 1237 offerant,
820 1195 865 1226 ut
896 1187 1284 1241 animadvertatur,
1320 1194 1419 1247 quid
1454 1209 1512 1235 ex
1541 1198 1596 1237 iis

133 1267 375 1307 coniunctis
407 1266 754 1320 comparatisque
784 1263 1014 1306 efficiatur.
1077 1266 1141 1307 Ex
1174 1267 1242 1308 his
1267 1269 1436 1312 duobus
1470 1288 1598 1329 supe—

102 1346 220 1386 ‘rius
253 1344 357 1385 illud
392 1345 523 1384 etiam
566 1344 609 1382 in
641 1343 770 1382 Ennii
815 1342 1030 1394 versibuS‚
1062 1359 1169 1399 quos
1205 1345 1359 1389 Cicero
1394 1351 1438 1390 in
1471 1352 1596 1393 initio

131 1422 312 1464 Catonis
356 1423 519 1477 posuit,
565 1422 803 1476 contigisse
850 1420 1119 1471 videbimus3
1160 1425 1204 1464 in
1250 1425 1388 1467 altero
1431 1443 1594 1483 genere

132 1503 275 1543 minus
317 1480 502 1541 feliciter
538 1513 608 1539 res
643 1499 798 1539 cecidit
831 1498 1080 1540 hominibus
1111 1501 1263 1554 doctis,
1298 1507 1369 1560 qui
1402 1507 1597 1563 complu-

129 1594 200 1622 res
235 1580 287 1620 de
329 1580 382 1619 iis
424 1579 730 1633 quwsivcrunt.
789 1578 922 1617 Ennii
962 1577 1042 1618 hos
1083 1594 1179 1620 esse
1220 1596 1374 1623 versus
1406 1585 1479 1637 (ne
1514 1586 1597 1629 hoc

126 1660 298 1700 initium
330 1659 462 1697 totius
495 1657 802 1711 disputationis
828 1657 922 1696 sine
954 1655 1286 1700 confirmatione
1319 1661 1596 1718 relinquam),

128 1739 211 1777 etsi
240 1735 393 1778 Cicero
431 1750 514 1775 non
549 1736 642 1790 ipse
676 1734 795 1785 dicit,
835 1743 978 1775 tamen
1022 1745 1139 1777 recte
1177 1752 1327 1779 omnes
1373 1742 1596 1783 iudicave-

127 1824 242 1856 runt.
307 1813 461 1869 Neque
490 1816 604 1854 enim
638 1814 719 1854 hoc
753 1813 881 1854 modo
913 1812 1068 1854 Cicero
1112 1816 1206 1856 sine
1249 1827 1388 1869 poetoe
1420 1835 1596 1874 poema-

127 1896 241 1934 tisve
276 1895 450 1934 nomine
493 1901 566 1932 aut
597 1890 920 1946 significatione
954 1900 1159 1947 tanquam
1205 1897 1457 1937 notissimos
1495 1914 1596 1953 pro-

126 1972 296 2014 laturus
327 1980 419 2011 erat
449 1984 601 2010 versus
634 1969 918 2010 hexametros
944 1970 997 2010 de
1027 1969 1202 2011 homine
1238 1972 1436 2015 Romano
1475 1976 1594 2018 claro

131 2059 174 2091 et
204 2049 343 2090 nobili
387 2049 470 2088 nisi
514 2056 587 2087 aut
618 2046 779 2087 Lucilii
811 2056 885 2088 aut
917 2047 1061 2088 Ennii.
1120 2047 1338 2091 Lucilium
1373 2062 1517 2094 autem
1552 2063 1597 2096 et

127 2141 332 2169 versuum
380 2128 677 2181 orationisque
713 2125 834 2166 color
875 2134 916 2166 et
950 2140 1019 2166 res
1052 2126 1272 2176 excludit,·
1307 2143 1447 2185 neque
1479 2135 1594 2175 enim

92 2250 94 2253 ,
126 2208 170 2247 in
206 2207 300 2246 eius
327 2206 503 2245 satiram
535 2206 762 2260 quisquam
791 2203 954 2245 includi
991 2214 1162 2259 poterat
1201 2205 1255 2246 T.
1285 2207 1594 2263 Flamininum,

127 2283 348 2325 hominem
382 2283 613 2324 Luciliano
646 2292 842 2337 tempore
882 2282 1019 2323 multo
1053 2285 1339 2338 superiorem,
1368 2289 1443 2338 ita,
1474 2298 1519 2329 ut
1550 2291 1595 2330 in

127 2363 196 2404 his
227 2362 427 2403 versibus
453 2360 516 2412 fit,
546 2361 830 2417 compellans.
888 2361 994 2402 Erat
1023 2362 1158 2416 igitur
1187 2363 1300 2417 apud
1326 2364 1515 2407 Ennium
1548 2369 1593 2407 in

127 2440 359 2483 annalibus
388 2439 551 2479 alicubi

255 2519 335 2558 ille
377 2506 461 2557 vir·
486 2515 606 2557 leand
642 2529 802 2570 magna
845 2529 937 2556 cnm
967 2529 1030 2566 re,
1062 2516 1140 2557 sed
1161 2513 1465 2571 pleme‘firlee‘,

128 2596 184 2639 T.
223 2595 474 2646 Quinctium
510 2594 821 2646 Flamininum,
862 2593 1197 2635 celeberrimum
1231 2594 1467 2649 hominem,
1519 2602 1592 2654 qui

126 2675 378 2730 Philippum
396 2673 639 2714 Macedona
657 2673 762 2713 vicit
775 2671 1025 2728 Graecisque
1043 2672 1259 2715 libertatis
1276 2689 1433 2720 nomen
1450 2678 1592 2718 reddi-

129 2753 213 2803 dit,
233 2767 362 2807 quum
383 2753 507 2808 gravi
530 2766 631 2792 cura
648 2752 742 2792 dies
762 2759 995 2806 noctesque
1010 2751 1338 2804 sollicitaretur,
1362 2754 1592 2810 alloquens

131 2838 174 2871 et
198 2829 414 2870 auxilium
439 2832 688 2886 eicuraeque
711 2825 978 2871 levationem
1003 2832 1277 2886 promittens,
1308 2833 1343 2872 si
1367 2835 1593 2888 praemium

131 2907 217 2950 sibi
245 2907 560 2949 ostenderetur.
623 2909 822 2964 (Ecquid
845 2912 1164 2965 erit‘proemi?)
1227 2911 1316 2951 Eos
1340 2926 1493 2952 versus
1522 2910 1595 2952 Ci-

1257 2996 1323 3028 19*
