1821 3309
1459 216 1561 267 113

152 358 295 391 rectos
329 348 440 392 fines
485 352 753 409 negligendo
798 353 1135 410 implicatiorem
1179 355 1367 397 reddidit
1404 370 1625 414 campum·

152 442 236 484 que
287 428 550 472 latissimum
602 434 752 486 pravis
804 431 1242 488 interpretationibus
1292 436 1477 488 aperuit.
1537 435 1627 485 Qui

152 508 267 562 quod
311 508 447 557 dicit,
501 511 685 565 primam
738 512 962 551 notionem
1008 511 1161 551 aoristi
1211 509 1353 552 Graeci
1407 525 1505 552 esse
1560 515 1627 553 rei

148 586 268 640 prius
301 595 344 626 et
377 600 490 628 nunc
525 596 568 628 et
598 589 643 628 in
675 597 900 644 posterum
935 590 1181 644 praeteritae,
1212 588 1412 646 talesque
1444 604 1515 631 res
1550 604 1625 632 eas

151 676 263 716 esse,
297 679 391 721 quae
425 667 468 706 in
504 668 646 708 aetatis
678 666 864 708 alicuius
892 667 1044 709 habitu
1080 669 1341 719 animorum,
1376 683 1512 720 more,
1543 683 1625 710 usu

149 745 304 799 positae
337 747 440 797 sint,
479 746 522 786 id
556 744 685 801 quale
729 747 801 796 sit,
840 747 1045 801 ignorare
1087 761 1156 788 me
1197 747 1364 798 fateor3
1407 762 1508 789 nam
1544 763 1623 789 nec

151 822 293 878 qualis
324 839 394 865 res
428 826 500 875 sit,
532 838 628 879 quae
659 825 722 865 sic
757 826 903 866 animo
939 826 1226 881 concipiatur,
1259 839 1380 882 paene
1415 835 1622 883 tanquam

150 904 366 957 posterior
397 913 493 944 rota
523 917 743 958 nunquam
777 905 967 959 priorem
1001 918 1257 960 assequens,
1291 904 1512 961 intelligo,
1544 919 1623 946 nec

152 980 283 1022 talem
315 997 505 1037 unquam
536 982 673 1022 fuisse
708 983 750 1021 in
784 981 876 1023 ulla
915 982 1069 1038 lingua
1098 982 1284 1023 formam
1317 982 1443 1023 verbi
1477 984 1622 1034 credo,

153 1074 238 1115 qua
269 1074 355 1101 non
387 1062 597 1115 temporis
631 1059 779 1115 aliqua
810 1061 939 1111 ratio,
965 1060 1043 1101 sed
1074 1062 1139 1101 rei
1169 1061 1309 1116 ipsius
1330 1069 1485 1103 natura
1515 1075 1626 1117 prae-

150 1151 252 1179 sens
284 1147 328 1179 et
356 1139 551 1180 futurum
586 1138 865 1179 excludentis
899 1148 1150 1189 notaretur-3
1186 1139 1229 1180 id
1259 1141 1377 1191 scio,
1408 1149 1451 1181 et
1483 1138 1625 1183 Graeci

149 1217 302 1258 aoristi
334 1219 557 1259 notionem
589 1219 801 1274 primam,
855 1218 968 1273 quod
1014 1219 1067 1260 ad
1108 1218 1394 1261 indicativum
1426 1222 1625 1269 attineat,

151 1296 337 1351 positam
372 1311 470 1339 esse
502 1299 545 1338 in
581 1297 907 1354 simplicissima
953 1300 1017 1339 rei
1061 1301 1293 1354 praeteritae
1336 1297 1624 1355 significatio-

151 1388 221 1426 ne,
264 1377 307 1416 in
349 1377 592 1427 narrando,
637 1391 715 1417 nec
747 1376 922 1418 Graecos
955 1391 1172 1433 unquam,
1223 1392 1355 1434 quum
1397 1378 1624 1434 ingenium

152 1468 375 1496 moremve
394 1457 533 1496 aetatis
555 1454 741 1496 alicuius
764 1465 1122 1507 commemorent,
1152 1457 1316 1497 aoristo
1335 1457 1414 1507 uti,
1444 1456 1529 1496 nisi
1548 1453 1623 1495 ubi

152 1533 205 1574 de
248 1535 469 1589 praeterita
522 1542 648 1574 aetate
693 1542 885 1574 narrent.
951 1533 1038 1574 Sed
1078 1534 1273 1576 confudit
1323 1535 1391 1576 vir
1434 1535 1623 1589 optimus

154 1613 346 1668 aliquam
394 1618 561 1654 «etatem
604 1621 647 1653 et
691 1626 836 1653 onmes
880 1618 1057 1664 «etates,
1098 1629 1264 1670 proque
1310 1628 1363 1654 ea
1396 1627 1467 1664 re,
1515 1625 1625 1667 quae,

155 1705 286 1747 quum
329 1700 372 1732 et
416 1693 471 1732 sit
513 1701 555 1732 et
589 1692 721 1732 fuerit
764 1700 806 1731 ct
850 1691 998 1732 futura
1040 1693 1112 1743 sit,
1156 1701 1301 1747 potest
1343 1701 1386 1732 et
1419 1692 1626 1746 praesenti

155 1779 351 1826 tempore
384 1769 508 1810 verbi
543 1768 640 1809 fieri
682 1769 899 1809 interdum
936 1770 1022 1810 dici
1055 1778 1098 1810 et
1133 1771 1355 1825 praeterito
1389 1769 1626 1824 aliquando

154 1848 269 1890 facta
295 1850 478 1899 narrari,
509 1846 736 1888 substituit
766 1847 1011 1889 mirabilem
1043 1847 1166 1890 illam
1198 1863 1289 1890 rem
1318 1863 1491 1905 semper
1519 1861 1627 1903 prae—

155 1929 342 1969 teritatn.
408 1926 689 1982 Relinquitur
731 1928 868 1981 igitur
911 1941 970 1967 ex
1005 1926 1086 1968 hac
1121 1936 1209 1969 tam
1246 1927 1445 1970 obscuris
1483 1925 1628 1968 verbis

152 2005 353 2047 involuta
384 2006 583 2046 doctrina
629 2003 739 2045 nihil
772 2004 908 2056 aliud,
939 2006 1022 2045 nisi
1056 2006 1170 2062 quod
1201 2008 1307 2048 satis
1339 2014 1489 2046 notum
1520 2013 1629 2054 erat,

153 2087 196 2126 in
227 2099 275 2126 re
319 2093 362 2125 et
392 2098 509 2139 saepe
540 2084 658 2125 facta
693 2093 734 2124 et
766 2082 865 2125 fieri
898 2083 1030 2125 solita
1064 2083 1242 2126 Graecos
1277 2084 1360 2126 hoc
1393 2085 1628 2140 posterius,

153 2161 250 2204 fieri
287 2161 461 2214 solere,
500 2161 753 2217 significare
800 2164 887 2214 ita,
927 2171 975 2203 ut
1013 2163 1172 2205 factam
1214 2172 1407 2205 narrent.
1474 2160 1629 2217 Neque

155 2240 243 2283 alio
274 2243 497 2298 pertinent
526 2241 734 2298 exempla
765 2241 949 2283 collecta
983 2257 1007 2284 a
1038 2242 1267 2294 Walchio,
1298 2242 1438 2284 nihilo
1464 2240 1544 2282 illa
1575 2241 1630 2282 iis

155 2321 342 2376 aptiora,
375 2334 469 2376 quoe
498 2334 553 2361 ex
580 2320 694 2362 libro
727 2321 957 2362 notissimo
988 2319 1207 2363 Matthiaei
1238 2324 1327 2378 peti
1357 2328 1562 2378 poterant
1583 2320 1630 2371 ¹).

159 2398 246 2439 Sed
280 2412 341 2438 ex
374 2397 454 2438 illa
486 2399 670 2439 confusa
701 2399 897 2440 doctrina
928 2399 1091 2441 factum
1125 2412 1206 2451 est,
1238 2410 1285 2441 ut
1320 2399 1556 2443 Walchius
1587 2398 1631 2437 in

159 2475 317 2517 Latina
348 2476 592 2516 imitatione
621 2475 745 2516 nullo
781 2477 873 2517 fere
898 2477 1149 2518 discrimine
1189 2493 1213 2518 a
1245 2485 1461 2533 praesente
1486 2474 1633 2532 perfe-

161 2563 276 2596 ctum
309 2555 600 2609 distingueret
631 2568 818 2610 eumque
851 2569 975 2595 usum
1011 2557 1153 2611 magis
1195 2557 1345 2606 etiam,
1375 2569 1505 2611 quam
1542 2552 1634 2603 alii,

161 2633 213 2674 ad
253 2631 552 2673 alienissimos
592 2631 714 2674 locos
757 2633 1030 2675 transferret.
1087 2633 1265 2675 positus
1307 2643 1390 2686 est,
1430 2641 1479 2674 ut
1521 2632 1633 2681 dixi,

164 2712 304 2752 omnis
352 2724 458 2751 usus
499 2711 544 2751 in
589 2726 657 2763 eo,
698 2720 745 2752 ut
780 2726 838 2752 ex
874 2726 921 2752 re
952 2711 1068 2753 sacta
1100 2711 1158 2763 (id
1193 2713 1309 2753 enim
1349 2712 1631 2769 grammatice

188 2875 219 2917 ¹)
256 2872 464 2910 Grammat.
489 2873 610 2909 Graec.
637 2876 659 2917 5
687 2876 769 2915 502,
796 2877 818 2908 3
844 2873 900 2909 cd.
929 2876 963 2909 2.
