1821 3309
294 209 395 258 362

341 349 440 391 Lib.
476 348 634 400 XXV,
675 349 718 388 4.
776 347 994 401 Exposita
1041 349 1239 387 oratione
1279 345 1504 387 consulum
1548 347 1601 388 de
1648 348 1694 387 vi

230 440 359 486 atque
391 428 572 470 audacia
606 427 964 483 publicanorum,
1005 428 1078 481 qui
1109 425 1341 467 concilium
1374 424 1514 481 plebis
1560 426 1693 467 disie-

229 518 392 561 cerant,
423 509 515 550 haec
539 507 696 549 Livius
727 506 921 548 subiicit:
953 505 1064 547 ‚Haec
1091 519 1217 561 quum
1248 503 1302 545 ab
1334 508 1490 560 optimo
1524 519 1694 560 quoque.

227 604 307 645 pro
340 593 576 630 alrocllate
608 592 678 628 rel
703 592 805 627 acta
837 592 980 627 esseut
1005 589 1174 640 ‘cinoque
1209 598 1302 624 eam
1339 590 1492 625 contra
1522 598 1691 639 rempu-

231 669 387 711 blicam
429 675 471 709 et
513 671 761 723 pernicioso
806 666 1004 721 exemplo
1031 663 1211 714 saelum
1252 669 1430 704 senalus
1459 663 1691 716 decresset,

230 749 459 798 confestim
508 747 698 788 Carvilio·
738 745 908 788 tribuni
948 743 1089 799 plebis
1130 766 1186 775 --
1223 747 1293 784 rec·
1331 744 1537 797 cape’lalc's
1577 744 1690 785 diem

232 831 456 873 Postumio
490 828 714 868 ‹lm-erunt.
775 825 822 867 In
868 825 935 865 his
979 822 1125 864 verbis
1168 822 1288 863 solos
1320 821 1447 863 video
1481 822 1689 865 Ursinum

231 917 273 949 et
317 907 350 949 I.
382 908 454 950 Fr.
486 906 757 948 Gronov-ium
793 903 1062 946 difficultatis
1096 902 1258 958 aliquid
1302 903 1509 953 sensisse,
1541 917 1691 958 quam-

230 1002 359 1044 quam
402 1002 454 1027 ne
500 986 545 1026 hi
588 986 760 1041 quidem
807 992 1125 1041 exposuerunt,
1158 998 1233 1023 cur
1267 997 1342 1038 pro
1377 996 1446 1033 eo,
1478 982 1589 1038 quod
1626 991 1693 1024 est

230 1073 348 1118 acca,
376 1065 674 1121 reponendum
718 1074 945 1106 censerent
987 1067 1131 1109 iacun
1163 1063 1296 1102 ceteri
1328 1060 1438 1102 nihil
1469 1062 1695 1105 adnotant.

232 1147 310 1187 Est
355 1155 500 1187 antem
558 1153 674 1185 certe
732 1143 896 1199 aliquid
943 1142 1013 1183 hic
1056 1142 1219 1182 vitiosi.
1281 1140 1528 1181 pronomen
1576 1142 1692 1182 enim

230 1226 322 1268 leaec
361 1224 483 1266 nulla
526 1225 694 1264 ratione
744 1224 898 1264 referri
949 1221 1036 1262 alio
1081 1228 1225 1275 potest
1256 1221 1341 1260 nisi
1375 1220 1429 1261 ad
1462 1220 1691 1262 consulum

232 1307 474 1347 orationem
514 1304 718 1358 proxime
753 1301 1093 1357 praecedentem3
1125 1313 1176 1338 ea
1207 1307 1351 1339 autem
1388 1300 1604 1353 quomodo
1637 1299 1693 1341 ab

231 1384 332 1426 aliis
378 1386 457 1437 agi
500 1380 667 1436 potuit‘}
721 1379 875 1436 Neque
922 1380 1112 1435 optimus
1153 1378 1335 1433 quisque
1377 1378 1551 1419 videtur
1595 1392 1692 1420 eam

228 1479 320 1506 rem
354 1462 517 1504 orando
557 1461 797 1516 peregisse,
830 1459 882 1500 de
917 1474 1002 1515 qua
1032 1457 1188 1498 Livius
1223 1472 1308 1498 non
1341 1455 1563 1513 significat
1593 1473 1696 1500 con·

230 1543 490 1584 troversiam
536 1540 687 1581 fuisse.
751 1538 954 1581 Maxime
998 1546 1143 1578 autem
1177 1536 1405 1593 vulgatam
1435 1539 1692 1594 scripturam

231 1623 407 1670 evertit,
439 1620 552 1677 quod
587 1621 631 1660 in
664 1635 715 1660 ea
743 1620 1057 1660 sententiarum
1088 1617 1193 1658 ordo
1225 1626 1268 1658 et
1298 1631 1443 1658 nexus
1475 1631 1561 1659 non
1593 1632 1696 1659 con-

231 1710 330 1743 stat.
396 1698 508 1741 Nam
551 1709 594 1740 et
634 1701 777 1755 ipsum
822 1712 1062 1755 pronomen
1104 1695 1197 1737 laceo
1227 1695 1470 1739 subiectum
1505 1699 1696 1739 orationi

232 1779 460 1823 consulum
507 1788 550 1820 et
593 1794 687 1836 quae
729 1779 899 1820 adiecta
940 1785 1062 1818 sunt:
1106 1780 1275 1831 vimque
1307 1791 1400 1817 eam
1430 1801 1486 1808 -—
1515 1783 1695 1820 senatus

232 1861 464 1911 decresset,
496 1860 603 1900 satis
632 1858 871 1910 declarant,
901 1857 1079 1899 Livium
1105 1870 1191 1897 non
1223 1871 1463 1911 exponere,
1489 1857 1590 1913 quid
1626 1871 1695 1899 se·

231 1949 408 1981 natores
439 1939 650 1990 dixerint,
690 1938 764 1980 sed
797 1953 891 1995 quae
924 1938 1057 1978 fuerit
1098 1938 1166 1978 vis
1198 1937 1408 1978 orationis
1444 1945 1487 1977 et
1516 1936 1696 1979 relatio·

230 2021 299 2061 nis
330 2018 573 2070 consulum,
619 2020 715 2074 quis
756 2019 954 2060 effectus.
1013 2015 1162 2059 Facile
1206 2018 1292 2058 iam
1326 2017 1570 2072 reperietur
1599 2031 1704 2058 cor-A

232 2100 348 2154 rupti
381 2097 586 2139 vocabuli
620 2097 894 2145 emendati03
938 2095 1048 2137 nihil
1092 2110 1176 2136 non
1217 2096 1491 2151 aptissimum
1522 2097 1622 2144 erit,
1654 2097 1694 2137 si

234 2178 508 2234 reposueris:
541 2190 625 2231 pro
667 2180 904 2216 atrocitate
948 2178 1018 2215 rei
1059 2179 1306 2228 accepta
1338 2179 1494 2214 essent.
1563 2172 1694 2216 Com-

234 2257 340 2298 moti
383 2264 484 2297 sunt
526 2264 779 2297 senatorum
817 2255 966 2305 animi,
1006 2261 1053 2294 ut
1096 2254 1140 2293 in
1176 2262 1263 2294 tam
1305 2253 1485 2308 indigna
1517 2268 1565 2294 re
1595 2252 1695 2296 fieri

234 2350 413 2377 necesse
459 2344 566 2376 erat.
633 2335 854 2390 Accepta-5·
884 2343 927 2375 et
956 2339 1080 2375 actus
1111 2347 1197 2373 non
1226 2347 1326 2374 raro
1361 2341 1691 2388 permutantur,-

233 2424 282 2456 ιιι
323 2415 422 2456 Liv.
465 2414 631 2465 XXX,
671 2415 740 2466 33,
781 2416 806 2455 1
842 2412 971 2456 multi
1000 2413 1171 2455 codices
1204 2426 1283 2467 pro
1328 2416 1503 2468 accepti
1529 2412 1696 2456 habent

236 2499 341 2536 acti.

346 2572 447 2617 Lib·
489 2573 659 2625 XXV,
711 2575 781 2614 30.
853 2572 1010 2628 Neque
1049 2572 1153 2613 ullis
1191 2574 1332 2613 minus
1369 2571 1578 2626 proesz'dli
1615 2575 1696 2612 aut

226 2655 492 2708 pertinacia&
522 2654 582 2694 ad
601 2653 856 2694 manendum
878 2666 1004 2708 quam
1031 2650 1280 2706 transfugis
1291 2649 1408 2700 fuit.
1465 2650 1535 2692 Ad
1561 2649 1692 2691 huius

234 2732 320 2773 loci
352 2746 500 2772 veram
531 2734 788 2788 scripturam
819 2734 1011 2788 ipsorum
1046 2731 1241 2772 codicum
1284 2730 1474 2785 vestigia
1505 2729 1693 2778 ducunt3

236 2825 333 2852 cam
359 2811 490 2861 enim,
531 2825 625 2867 quae
656 2825 770 2853 nunc
801 2820 867 2853 est
902 2813 944 2852 in
979 2809 1259 2860 editionibuS‚
1290 2808 1543 2850 mendosam
1573 2822 1690 2855 esse,

238 2904 342 2932 usus
373 2888 580 2946 loquendi
607 2890 809 2932 ostendit.
875 2888 1019 2940 Quum
1052 2891 1167 2931 enim
1197 2888 1354 2930 dicitur
1384 2888 1519 2931 nullis
1551 2891 1689 2930 min-m·
