1821 3309
1482 162 1548 211 43

151 305 354 346 fensione
395 302 499 347 fieta
548 305 612 346 sic
652 303 880 360 loquatur,
934 310 1138 358 tanquam
1178 316 1263 344 non
1308 315 1440 344 uuum
1486 302 1615 343 istum

149 384 194 424 in
238 384 463 425 civitatem
495 383 736 438 receperit,
781 380 857 421 sed
892 379 1082 424 multost
1131 394 1158 421 a
1188 394 1234 422 se
1264 393 1324 421 ex
1356 384 1620 423 coniunctis-

149 464 259 502 sima
287 451 419 516 atqve
445 463 712 501 amicisszma
745 456 930 499 civitate
966 457 1256 507 fortissimum
1292 472 1500 514 quemque
1531 473 1622 501 esse

148 538 394 580 delectum?
442 537 510 579 Ac
540 551 626 578 non
658 535 800 578 solum
835 550 890 578 ex
918 550 1005 577 una
1038 537 1241 588 civitate,
1296 536 1373 577 sed
1413 550 1473 577 ex
1517 537 1621 577 dua-

148 614 257 658 bus:
289 630 429 673 neque
460 613 765 671 Fulginatc'um
785 615 822 668 ¹)
853 628 991 670 neque
1029 614 1289 656 Camertium
1305 613 1501 664 foedere
1531 628 1624 656 esse

149 700 397 750 exceptum.
470 693 624 751 Itaque
654 692 923 735 Garatonius
957 692 1197 735 alterautra
1222 694 1402 735 civitate
1434 692 1623 734 libenter

151 775 387 816 cariturum
421 787 468 814 se
500 774 589 824 ait,
632 773 716 813 nisi
747 772 861 813 forte
894 772 1077 813 duarum
1109 773 1337 813 cixitatum
1367 772 1501 813 fuerit
1532 771 1624 813 An-

150 854 251 894 nius
279 851 385 905 ille3
434 850 549 908 quod
578 865 684 892 sane
712 849 843 907 paulo
872 852 1066 906 apertius
1097 851 1285 891 dixisset
1317 849 1486 891 Cicero.
1546 851 1625 893 Se-

151 933 322 988 quitur:
362 944 461 972 num
502 933 599 985 qais·
639 942 785 970 eorum
831 928 913 970 (ἑο.
980 929 1034 968 Et
1068 928 1122 969 ab
1154 928 1224 969 his
1254 930 1546 982 seiunguntur
1578 929 1626 979 ii,

152 1023 261 1065 qnos
292 1007 462 1049 Marius
502 1021 559 1048 ex
608 1005 794 1048 coloniis
829 1005 998 1046 Latinis
1030 1004 1247 1046 beneficio
1276 1004 1392 1061 legis
1426 1005 1627 1061 Apuleiae

152 1088 271 1129 cives
300 1085 478 1127 fecerat.
543 1083 659 1134 Quid
691 1085 826 1140 igitur
854 1082 939 1124 sibi
973 1084 1071 1124 vult
1103 1083 1195 1125 haec
1227 1083 1417 1140 plurium
1438 1098 1627 1125 comme-

152 1165 338 1207 motatio
374 1172 417 1205 et
447 1162 774 1219 Fulginafium,
817 1177 949 1218 quum
991 1177 1124 1203 unum
1161 1161 1460 1203 Camertinum
1501 1164 1626 1204 initio

151 1242 414 1284 nominarit?
448 1240 664 1283 Nimirum
699 1240 759 1282 ibi
796 1239 951 1282 Cicero
988 1256 1071 1282 non
1107 1242 1159 1282 de
1198 1255 1284 1282 uno
1314 1241 1517 1290 dixerat,
1548 1240 1625 1281 sed

150 1322 204 1363 de
235 1319 462 1377 pluribus3
496 1321 571 1361 sed
607 1319 873 1375 reliquorum
910 1321 1266 1360 commemoratio
1301 1321 1343 1359 in
1376 1317 1626 1360 describen-

151 1401 206 1442 do
253 1400 417 1441 omissa
463 1407 545 1440 est.
620 1397 685 1438 Ea
718 1407 764 1438 ut
797 1398 940 1454 qualis
971 1398 1132 1448 fuerit,
1166 1396 1465 1452 intelligatur,
1498 1399 1627 1438 attin-

154 1477 344 1534 gendum
380 1485 462 1528 est,
495 1477 607 1532 quod
639 1476 804 1531 legitur
835 1491 870 1518 c.
899 1478 970 1528 22,
1000 1477 1070 1517 50.
1154 1474 1222 1516 Ibi
1252 1484 1351 1530 post
1385 1474 1467 1516 Cn.
1501 1476 1628 1517 Pom-

152 1557 243 1613 peii
279 1556 546 1596 mentionem
594 1553 887 1595 subiiciuntur
934 1553 1025 1595 haec
1059 1553 1218 1595 verba:
1261 1554 1400 1609 quid?
1432 1553 1630 1595 cohortes

154 1634 266 1676 duas
305 1637 535 1675 universas
579 1632 873 1674 Camertium?
917 1646 1011 1688 quae
1041 1634 1078 1673 si
1114 1632 1167 1673 ad
1202 1633 1459 1687 Pompeium
1494 1634 1631 1688 perti-

155 1720 333 1762 nerent,
364 1710 520 1752 saltem
555 1712 764 1764 scriptum
801 1719 940 1750 esset:
977 1710 1113 1764 quid!
1146 1710 1256 1751 [clem
1287 1734 1343 1742 —
1366 1739 1376 1750 .
1438 1711 1524 1752 Sed
1561 1724 1629 1751 res

153 1799 273 1832 certa
303 1797 370 1830 est
403 1788 566 1844 duplici
599 1787 823 1830 Plutarchi
857 1789 1134 1838 testimonio,
1175 1789 1218 1828 in
1252 1786 1397 1829 Mario
1431 1803 1466 1829 c.
1499 1790 1556 1829 28
1591 1798 1632 1829 et

152 1870 197 1909 in
231 1866 545 1924 apophthegm.
575 1881 668 1923 reg.
703 1876 745 1908 et
775 1868 973 1922 imperat.
1007 1880 1046 1921 p.
1081 1867 1151 1907 81.
1187 1865 1413 1918 Tauclin.‚
1454 1875 1496 1907 et
1527 1881 1632 1922 prae-

154 1955 276 1988 terea
301 1945 474 1988 Valerii
503 1945 695 1987 Maximi
727 1945 815 2002 (V,
844 1946 895 1995 2,
924 1946 985 1998 8).
1040 1942 1173 1985 Marii
1208 1946 1322 1985 enim
1356 1944 1439 1986 hoc
1471 1945 1633 1986 factum

156 2033 266 2065 erat.
332 2022 424 2064 Iam
457 2039 537 2066 nec
570 2025 654 2065 isto
685 2024 726 2064 id
761 2022 858 2064 loco
892 2024 1223 2064 commemorari
1256 2037 1281 2064 a
1315 2022 1527 2064 Cicerone
1560 2038 1636 2079 po·

157 2111 284 2155 terat,
311 2101 387 2144 ubi
416 2103 469 2144 de
495 2102 640 2144 Mario
676 2102 784 2143 nihil
817 2102 952 2153 dicit,
991 2102 1094 2153 sed,
1136 2116 1268 2158 quum
1299 2101 1490 2143 Marium
1527 2101 1636 2143 mul·

156 2183 212 2224 tis
244 2181 390 2224 verbis
422 2196 457 2223 c.
489 2182 546 2222 20
578 2189 620 2222 et
650 2182 702 2222 21
736 2189 1148 2230 connnemorasset‚
1189 2180 1301 2222 alios
1333 2182 1636 2237 imperatoreS‚

158 2261 232 2317 qui
264 2261 360 2302 eius
391 2259 647 2316 exemplum
678 2261 817 2301 secuti
855 2268 1004 2310 erant,
1049 2258 1245 2301 breviter
1286 2260 1515 2316 adiungit,
1558 2273 1637 2300 nec

159 2348 305 2380 tamen
338 2338 432 2380 ullo
465 2339 594 2380 modo
625 2338 716 2380 haec
745 2352 830 2389 res,
863 2352 958 2394 quae
990 2347 1295 2394 argumentum
1316 2337 1520 2379 omnibus
1537 2336 1637 2377 aliis

159 2416 292 2471 longe
323 2416 598 2472 splendidius
632 2415 860 2459 Ciceronis
890 2416 1175 2472 disputationi
1209 2416 1438 2473 praeberet,
1470 2415 1637 2470 abipso

188 2563 219 2604 ¹)
257 2559 342 2595 Hoc
383 2559 567 2595 reducere
602 2559 703 2594 malo
745 2570 789 2594 cx
823 2558 1035 2593 parisiensi
1072 2558 1178 2602 (AB,
1206 2557 1263 2595 St.
1291 2558 1393 2594 vict.
1421 2560 1638 2606 lanulfum)

255 2633 372 2668 quum
409 2633 454 2656 ex
493 2621 659 2656 aliorum
701 2621 923 2667 corruptela
954 2621 1193 2666 Ιφιίηαείηηι
1219 2621 1294 2665 (sic
1320 2622 1421 2656 enim
1446 2621 1638 2656 habebant

256 2683 413 2717 Grutcri
442 2682 572 2727 codd.)
600 2683 757 2718 efficere
787 2683 1057 2727 Ιφιυίηαιίηιη.
1121 2683 1207 2718 lNon
1233 2684 1353 2730 magis
1380 2684 1524 2719 dicitur
1551 2684 1638 2729 ¹!I1‘-

255 2745 364 2778 vinus
389 2756 458 2791 pro
486 2746 648 2791 Ιῃιιυίηυ
677 2757 787 2791 quam
816 2745 1040 2780 Lanuvinus
1071 2757 1140 2790 pro
1174 2745 1400 2789 Lanuvin⁰;
1438 2757 1483 2780 cx
1519 2744 1636 2779 Antio

256 2815 333 2838 nou
360 2804 405 2839 fit
430 2808 612 2847 Anninus,
644 2806 709 2842 sed
737 2808 888 2843 Antius.
