<?xml version="1.0" encoding="UTF-8"?>
<!DOCTYPE html PUBLIC "-//W3C//DTD XHTML 1.0 Transitional//EN"
    "http://www.w3.org/TR/xhtml1/DTD/xhtml1-transitional.dtd">
<html xmlns="http://www.w3.org/1999/xhtml" xml:lang="en" lang="en">
 <head>
  <title>
</title>
<meta http-equiv="Content-Type" content="text/html;charset=utf-8" />
  <meta name='ocr-system' content='tesseract 3.04.00' />
  <meta name='ocr-capabilities' content='ocr_page ocr_carea ocr_par ocr_line ocrx_word'/>
</head>
<body>
  <div class='ocr_page' id='page_1' title='image "./ionicolaimadvigi02madvuoft_0358.png"; bbox 0 0 1821 3309; ppageno 0'>
   <div class='ocr_carea' id='block_1_1' title="bbox 262 186 375 277">
    <p class='ocr_par' dir='ltr' id='par_1_1' title="bbox 262 186 375 277">
     <span class='ocr_line' id='line_1_1' title="bbox 262 186 375 277; baseline 0 0"><span class='ocrx_word' id='word_1_1' title='bbox 262 186 375 277; x_wconf 46' lang='lat' dir='ltr'><strong>n346</strong></span> 
     </span>
    </p>
   </div>
   <div class='ocr_carea' id='block_1_2' title="bbox 205 365 1682 2567">
    <p class='ocr_par' dir='ltr' id='par_1_2' title="bbox 205 365 1682 2567">
     <span class='ocr_line' id='line_1_2' title="bbox 205 365 1662 424; baseline -0.001 -13"><span class='ocrx_word' id='word_1_2' title='bbox 205 370 278 411; x_wconf 85' lang='lat' dir='ltr'><strong>Ex</strong></span> <span class='ocrx_word' id='word_1_3' title='bbox 322 367 505 424; x_wconf 88' lang='lat' dir='ltr'><strong>reliquis</strong></span> <span class='ocrx_word' id='word_1_4' title='bbox 546 381 741 408; x_wconf 88' lang='lat' dir='ltr'><strong>errorum</strong></span> <span class='ocrx_word' id='word_1_5' title='bbox 783 365 1080 407; x_wconf 84' lang='lat' dir='ltr'><strong>notationibus</strong></span> <span class='ocrx_word' id='word_1_6' title='bbox 1126 381 1222 408; x_wconf 86' lang='lat' dir='ltr'><strong>eam</strong></span> <span class='ocrx_word' id='word_1_7' title='bbox 1266 366 1485 424; x_wconf 81' lang='lat' dir='ltr'>deligam,</span> <span class='ocrx_word' id='word_1_8' title='bbox 1535 368 1662 424; x_wconf 85' lang='lat' dir='ltr'><strong>quam</strong></span> 
     </span>
     <span class='ocr_line' id='line_1_3' title="bbox 206 445 1664 503; baseline -0.001 -14"><span class='ocrx_word' id='word_1_9' title='bbox 206 450 400 490; x_wconf 85' lang='lat' dir='ltr'><strong>omnium</strong></span> <span class='ocrx_word' id='word_1_10' title='bbox 445 462 580 502; x_wconf 90' lang='lat' dir='ltr'><strong>prope</strong></span> <span class='ocrx_word' id='word_1_11' title='bbox 621 448 816 488; x_wconf 80' lang='lat' dir='ltr'>maxime</span> <span class='ocrx_word' id='word_1_12' title='bbox 849 446 1045 503; x_wconf 74' lang='lat' dir='ltr'><strong>vprobare</strong></span> <span class='ocrx_word' id='word_1_13' title='bbox 1080 446 1276 488; x_wconf 87' lang='lat' dir='ltr'><strong>Orellius</strong></span> <span class='ocrx_word' id='word_1_14' title='bbox 1308 448 1492 489; x_wconf 82' lang='lat' dir='ltr'><strong>videtur.</strong></span> <span class='ocrx_word' id='word_1_15' title='bbox 1551 445 1664 488; x_wconf 85' lang='lat' dir='ltr'><strong>Nam</strong></span> 
     </span>
     <span class='ocr_line' id='line_1_4' title="bbox 205 526 1667 583; baseline -0.002 -14"><span class='ocrx_word' id='word_1_16' title='bbox 205 528 356 579; x_wconf 89' lang='lat' dir='ltr'><strong>illam,</strong></span> <span class='ocrx_word' id='word_1_17' title='bbox 403 541 496 583; x_wconf 86' lang='lat' dir='ltr'><strong>quae</strong></span> <span class='ocrx_word' id='word_1_18' title='bbox 530 528 619 579; x_wconf 76' lang='lat'><strong>§15</strong></span> <span class='ocrx_word' id='word_1_19' title='bbox 656 526 783 567; x_wconf 88' lang='lat' dir='ltr'><strong>huius</strong></span> <span class='ocrx_word' id='word_1_20' title='bbox 814 529 1023 568; x_wconf 85' lang='lat' dir='ltr'><strong>orationis</strong></span> <span class='ocrx_word' id='word_1_21' title='bbox 1046 528 1088 568; x_wconf 88' lang='lat' dir='ltr'><strong>in</strong></span> <span class='ocrx_word' id='word_1_22' title='bbox 1110 526 1264 568; x_wconf 88' lang='lat' dir='ltr'><strong>scribis</strong></span> <span class='ocrx_word' id='word_1_23' title='bbox 1290 535 1667 577; x_wconf 76' lang='lat' dir='ltr'><strong>commemoratur,</strong></span> 
     </span>
     <span class='ocr_line' id='line_1_5' title="bbox 205 605 1668 663; baseline -0.002 -14"><span class='ocrx_word' id='word_1_24' title='bbox 205 617 367 649; x_wconf 86' lang='lat' dir='ltr'><strong>sortem</strong></span> <span class='ocrx_word' id='word_1_25' title='bbox 412 606 656 648; x_wconf 82' lang='lat' dir='ltr'><strong>Ahrensius</strong></span> <span class='ocrx_word' id='word_1_26' title='bbox 703 607 762 660; x_wconf 87' lang='lat' dir='ltr'><strong>(p.</strong></span> <span class='ocrx_word' id='word_1_27' title='bbox 792 608 888 660; x_wconf 87' lang='grc'>127)</span> <span class='ocrx_word' id='word_1_28' title='bbox 931 621 1106 663; x_wconf 85' lang='lat' dir='ltr'><strong>prorsus</strong></span> <span class='ocrx_word' id='word_1_29' title='bbox 1148 615 1297 648; x_wconf 87' lang='lat' dir='ltr'><strong>contra</strong></span> <span class='ocrx_word' id='word_1_30' title='bbox 1339 608 1539 648; x_wconf 86' lang='lat' dir='ltr'><strong>instituta</strong></span> <span class='ocrx_word' id='word_1_31' title='bbox 1581 605 1668 647; x_wconf 90' lang='lat' dir='ltr'><strong>Ro-</strong></span> 
     </span>
     <span class='ocr_line' id='line_1_6' title="bbox 205 685 1669 742; baseline -0.003 -13"><span class='ocrx_word' id='word_1_32' title='bbox 205 702 334 729; x_wconf 88' lang='lat' dir='ltr'><strong>mana</strong></span> <span class='ocrx_word' id='word_1_33' title='bbox 375 685 520 727; x_wconf 89' lang='lat' dir='ltr'><strong>fictam</strong></span> <span class='ocrx_word' id='word_1_34' title='bbox 564 700 660 726; x_wconf 88' lang='lat' dir='ltr'><strong>esse</strong></span> <span class='ocrx_word' id='word_1_35' title='bbox 706 686 925 742; x_wconf 88' lang='lat' dir='ltr'><strong>disputat,</strong></span> <span class='ocrx_word' id='word_1_36' title='bbox 982 688 1186 741; x_wconf 89' lang='lat' dir='ltr'><strong>quoniam</strong></span> <span class='ocrx_word' id='word_1_37' title='bbox 1230 686 1352 728; x_wconf 92' lang='lat' dir='ltr'><strong>locus</strong></span> <span class='ocrx_word' id='word_1_38' title='bbox 1394 688 1438 727; x_wconf 88' lang='lat' dir='ltr'><strong>in</strong></span> <span class='ocrx_word' id='word_1_39' title='bbox 1481 686 1669 726; x_wconf 87' lang='lat' dir='ltr'><strong>decuriis</strong></span> 
     </span>
     <span class='ocr_line' id='line_1_7' title="bbox 205 764 1670 808; baseline -0.002 0"><span class='ocrx_word' id='word_1_40' title='bbox 205 765 447 808; x_wconf 86' lang='lat' dir='ltr'><strong>scribarum</strong></span> <span class='ocrx_word' id='word_1_41' title='bbox 492 765 578 806; x_wconf 88' lang='lat' dir='ltr'><strong>emi</strong></span> <span class='ocrx_word' id='word_1_42' title='bbox 622 767 899 806; x_wconf 78' lang='lat' dir='ltr'>consueverit</span> <span class='ocrx_word' id='word_1_43' title='bbox 941 774 984 806; x_wconf 86' lang='lat' dir='ltr'><strong>et</strong></span> <span class='ocrx_word' id='word_1_44' title='bbox 1027 765 1179 807; x_wconf 85' lang='lat' dir='ltr'><strong>scribae</strong></span> <span class='ocrx_word' id='word_1_45' title='bbox 1214 775 1331 807; x_wconf 88' lang='lat' dir='ltr'><strong>certa</strong></span> <span class='ocrx_word' id='word_1_46' title='bbox 1364 764 1670 807; x_wconf 78' lang='lat' dir='ltr'>distributione</span> 
     </span>
     <span class='ocr_line' id='line_1_8' title="bbox 207 845 1668 901; baseline -0.002 -14"><span class='ocrx_word' id='word_1_47' title='bbox 207 846 284 887; x_wconf 87' lang='lat' dir='ltr'><strong>alii</strong></span> <span class='ocrx_word' id='word_1_48' title='bbox 326 845 511 887; x_wconf 86' lang='lat' dir='ltr'><strong>aliorum</strong></span> <span class='ocrx_word' id='word_1_49' title='bbox 558 846 887 901; x_wconf 76' lang='lat' dir='ltr'><strong>magistratuum</strong></span> <span class='ocrx_word' id='word_1_50' title='bbox 929 847 1104 886; x_wconf 83' lang='lat' dir='ltr'><strong>fuerint.</strong></span> <span class='ocrx_word' id='word_1_51' title='bbox 1167 846 1334 887; x_wconf 88' lang='lat' dir='ltr'><strong>Verum</strong></span> <span class='ocrx_word' id='word_1_52' title='bbox 1376 845 1468 887; x_wconf 89' lang='lat' dir='ltr'><strong>haec</strong></span> <span class='ocrx_word' id='word_1_53' title='bbox 1517 858 1668 886; x_wconf 87' lang='lat' dir='ltr'><strong>omnes</strong></span> 
     </span>
     <span class='ocr_line' id='line_1_9' title="bbox 205 924 1670 982; baseline -0.002 -16"><span class='ocrx_word' id='word_1_54' title='bbox 205 925 374 982; x_wconf 77' lang='lat' dir='ltr'><strong>pridem</strong></span> <span class='ocrx_word' id='word_1_55' title='bbox 423 939 712 976; x_wconf 82' lang='lat' dir='ltr'><strong>noveramuS,</strong></span> <span class='ocrx_word' id='word_1_56' title='bbox 766 924 930 966; x_wconf 78' lang='lat' dir='ltr'><strong>scribas</strong></span> <span class='ocrx_word' id='word_1_57' title='bbox 984 924 1126 967; x_wconf 89' lang='lat' dir='ltr'><strong>locum</strong></span> <span class='ocrx_word' id='word_1_58' title='bbox 1176 926 1220 966; x_wconf 91' lang='lat' dir='ltr'><strong>in</strong></span> <span class='ocrx_word' id='word_1_59' title='bbox 1273 926 1460 966; x_wconf 89' lang='lat' dir='ltr'><strong>decuriis</strong></span> <span class='ocrx_word' id='word_1_60' title='bbox 1511 925 1670 965; x_wconf 84' lang='lat' dir='ltr'><strong>emisse</strong></span> 
     </span>
     <span class='ocr_line' id='line_1_10' title="bbox 208 1003 1672 1061; baseline -0.003 -15"><span class='ocrx_word' id='word_1_61' title='bbox 208 1005 372 1056; x_wconf 88' lang='lat' dir='ltr'><strong>(lectos</strong></span> <span class='ocrx_word' id='word_1_62' title='bbox 403 1013 546 1045; x_wconf 89' lang='lat' dir='ltr'><strong>tamen</strong></span> <span class='ocrx_word' id='word_1_63' title='bbox 581 1005 767 1060; x_wconf 88' lang='lat' dir='ltr'><strong>quodam</strong></span> <span class='ocrx_word' id='word_1_64' title='bbox 800 1005 926 1054; x_wconf 88' lang='lat' dir='ltr'><strong>modo</strong></span> <span class='ocrx_word' id='word_1_65' title='bbox 958 1020 982 1046; x_wconf 90' lang='lat' dir='ltr'><strong>a</strong></span> <span class='ocrx_word' id='word_1_66' title='bbox 1016 1004 1359 1061; x_wconf 80' lang='lat' dir='ltr'><strong>magistratibus,</strong></span> <span class='ocrx_word' id='word_1_67' title='bbox 1392 1003 1548 1060; x_wconf 85' lang='lat' dir='ltr'><strong>quibus</strong></span> <span class='ocrx_word' id='word_1_68' title='bbox 1576 1004 1672 1044; x_wconf 85' lang='lat' dir='ltr'><strong>eius</strong></span> 
     </span>
     <span class='ocr_line' id='line_1_11' title="bbox 205 1084 1673 1140; baseline -0.002 -14"><span class='ocrx_word' id='word_1_69' title='bbox 205 1086 271 1126; x_wconf 85' lang='lat' dir='ltr'><strong>rei</strong></span> <span class='ocrx_word' id='word_1_70' title='bbox 306 1099 408 1125; x_wconf 86' lang='lat' dir='ltr'><strong>cura</strong></span> <span class='ocrx_word' id='word_1_71' title='bbox 439 1084 642 1124; x_wconf 85' lang='lat' dir='ltr'><strong>mandata</strong></span> <span class='ocrx_word' id='word_1_72' title='bbox 675 1091 814 1134; x_wconf 88' lang='lat' dir='ltr'><strong>esset,</strong></span> <span class='ocrx_word' id='word_1_73' title='bbox 849 1099 901 1125; x_wconf 89' lang='lat' dir='ltr'><strong>ne</strong></span> <span class='ocrx_word' id='word_1_74' title='bbox 937 1086 1268 1140; x_wconf 83' lang='lat' dir='ltr'><strong>indignissimus</strong></span> <span class='ocrx_word' id='word_1_75' title='bbox 1303 1086 1485 1140; x_wconf 89' lang='lat' dir='ltr'><strong>quisque</strong></span> <span class='ocrx_word' id='word_1_76' title='bbox 1515 1084 1673 1124; x_wconf 88' lang='lat' dir='ltr'><strong>irrum-</strong></span> 
     </span>
     <span class='ocr_line' id='line_1_12' title="bbox 208 1160 1672 1223; baseline -0.004 -15"><span class='ocrx_word' id='word_1_77' title='bbox 208 1168 377 1223; x_wconf 86' lang='lat' dir='ltr'><strong>peret),</strong></span> <span class='ocrx_word' id='word_1_78' title='bbox 444 1174 487 1204; x_wconf 89' lang='lat' dir='ltr'><strong>et</strong></span> <span class='ocrx_word' id='word_1_79' title='bbox 525 1162 634 1204; x_wconf 88' lang='lat' dir='ltr'><strong>alios</strong></span> <span class='ocrx_word' id='word_1_80' title='bbox 675 1164 930 1218; x_wconf 75' lang='lat' dir='ltr'><strong>quaestorios</strong></span> <span class='ocrx_word' id='word_1_81' title='bbox 963 1164 1099 1205; x_wconf 87' lang='lat' dir='ltr'><strong>fuisse</strong></span> <span class='ocrx_word' id='word_1_82' title='bbox 1133 1163 1330 1215; x_wconf 67' lang='lat' dir='ltr'><strong>Scribas,</strong></span> <span class='ocrx_word' id='word_1_83' title='bbox 1375 1162 1487 1204; x_wconf 86' lang='lat' dir='ltr'><strong>alios</strong></span> <span class='ocrx_word' id='word_1_84' title='bbox 1531 1160 1672 1202; x_wconf 80' lang='lat' dir='ltr'><strong>aedili-</strong></span> 
     </span>
     <span class='ocr_line' id='line_1_13' title="bbox 209 1242 1673 1298; baseline -0.004 -10"><span class='ocrx_word' id='word_1_85' title='bbox 209 1248 326 1296; x_wconf 85' lang='lat' dir='ltr'><strong>cios,</strong></span> <span class='ocrx_word' id='word_1_86' title='bbox 367 1253 410 1285; x_wconf 90' lang='lat' dir='ltr'><strong>et</strong></span> <span class='ocrx_word' id='word_1_87' title='bbox 444 1243 595 1284; x_wconf 84' lang='lat' dir='ltr'><strong>eodem</strong></span> <span class='ocrx_word' id='word_1_88' title='bbox 632 1243 756 1282; x_wconf 90' lang='lat' dir='ltr'><strong>modo</strong></span> <span class='ocrx_word' id='word_1_89' title='bbox 791 1242 1005 1297; x_wconf 81' lang='lat' dir='ltr'><strong>reliquos3</strong></span> <span class='ocrx_word' id='word_1_90' title='bbox 1053 1244 1127 1284; x_wconf 86' lang='lat' dir='ltr'><strong>sed</strong></span> <span class='ocrx_word' id='word_1_91' title='bbox 1159 1243 1291 1284; x_wconf 87' lang='lat' dir='ltr'><strong>simul</strong></span> <span class='ocrx_word' id='word_1_92' title='bbox 1324 1242 1673 1298; x_wconf 82' lang='lat' dir='ltr'><strong>intelligebatur,</strong></span> 
     </span>
     <span class='ocr_line' id='line_1_14' title="bbox 210 1321 1673 1381; baseline -0.002 -17"><span class='ocrx_word' id='word_1_93' title='bbox 210 1339 341 1381; x_wconf 88' lang='lat' dir='ltr'><strong>quum</strong></span> <span class='ocrx_word' id='word_1_94' title='bbox 375 1321 495 1363; x_wconf 83' lang='lat' dir='ltr'><strong>verbi</strong></span> <span class='ocrx_word' id='word_1_95' title='bbox 531 1336 660 1362; x_wconf 86' lang='lat' dir='ltr'><strong>causa</strong></span> <span class='ocrx_word' id='word_1_96' title='bbox 689 1330 925 1376; x_wconf 84' lang='lat' dir='ltr'><strong>quaestores</strong></span> <span class='ocrx_word' id='word_1_97' title='bbox 953 1323 1112 1377; x_wconf 81' lang='lat' dir='ltr'><strong>viginti</strong></span> <span class='ocrx_word' id='word_1_98' title='bbox 1143 1332 1420 1374; x_wconf 82' lang='lat' dir='ltr'><strong>crearentur,</strong></span> <span class='ocrx_word' id='word_1_99' title='bbox 1450 1324 1562 1363; x_wconf 88' lang='lat' dir='ltr'><strong>inter</strong></span> <span class='ocrx_word' id='word_1_100' title='bbox 1593 1322 1673 1362; x_wconf 79' lang='lat' dir='ltr'><strong>hos</strong></span> 
     </span>
     <span class='ocr_line' id='line_1_15' title="bbox 209 1399 1675 1456; baseline -0.003 -11"><span class='ocrx_word' id='word_1_101' title='bbox 209 1413 328 1445; x_wconf 87' lang='lat' dir='ltr'><strong>sorte</strong></span> <span class='ocrx_word' id='word_1_102' title='bbox 371 1400 627 1443; x_wconf 87' lang='lat' dir='ltr'><strong>distributos</strong></span> <span class='ocrx_word' id='word_1_103' title='bbox 667 1414 763 1440; x_wconf 86' lang='lat' dir='ltr'><strong>esse</strong></span> <span class='ocrx_word' id='word_1_104' title='bbox 797 1399 962 1441; x_wconf 86' lang='lat' dir='ltr'><strong>scribas</strong></span> <span class='ocrx_word' id='word_1_105' title='bbox 998 1403 1276 1456; x_wconf 64' lang='lat' dir='ltr'><strong>quaestorios,</strong></span> <span class='ocrx_word' id='word_1_106' title='bbox 1324 1401 1520 1443; x_wconf 86' lang='lat' dir='ltr'><strong>Romano</strong></span> <span class='ocrx_word' id='word_1_107' title='bbox 1551 1415 1675 1456; x_wconf 88' lang='lat' dir='ltr'><strong>pror-</strong></span> 
     </span>
     <span class='ocr_line' id='line_1_16' title="bbox 210 1480 1676 1537; baseline -0.003 -13"><span class='ocrx_word' id='word_1_108' title='bbox 210 1497 284 1524; x_wconf 90' lang='lat' dir='ltr'><strong>sus</strong></span> <span class='ocrx_word' id='word_1_109' title='bbox 325 1496 470 1531; x_wconf 89' lang='lat' dir='ltr'><strong>more,</strong></span> <span class='ocrx_word' id='word_1_110' title='bbox 519 1495 602 1536; x_wconf 90' lang='lat' dir='ltr'><strong>quo</strong></span> <span class='ocrx_word' id='word_1_111' title='bbox 648 1481 761 1520; x_wconf 86' lang='lat' dir='ltr'><strong>inter</strong></span> <span class='ocrx_word' id='word_1_112' title='bbox 804 1481 922 1536; x_wconf 88' lang='lat' dir='ltr'><strong>ipsos</strong></span> <span class='ocrx_word' id='word_1_113' title='bbox 963 1482 1246 1537; x_wconf 75' lang='lat' dir='ltr'><strong>magistratus</strong></span> <span class='ocrx_word' id='word_1_114' title='bbox 1282 1481 1475 1522; x_wconf 87' lang='lat' dir='ltr'><strong>eiusdem</strong></span> <span class='ocrx_word' id='word_1_115' title='bbox 1516 1480 1676 1537; x_wconf 84' lang='lat' dir='ltr'><strong>gradus</strong></span> 
     </span>
     <span class='ocr_line' id='line_1_17' title="bbox 210 1557 1675 1617; baseline -0.004 -12"><span class='ocrx_word' id='word_1_116' title='bbox 210 1577 394 1605; x_wconf 86' lang='lat' dir='ltr'><strong>munera</strong></span> <span class='ocrx_word' id='word_1_117' title='bbox 448 1567 563 1601; x_wconf 88' lang='lat' dir='ltr'><strong>sorte</strong></span> <span class='ocrx_word' id='word_1_118' title='bbox 611 1557 940 1608; x_wconf 80' lang='lat' dir='ltr'><strong>dividebantur3</strong></span> <span class='ocrx_word' id='word_1_119' title='bbox 999 1560 1128 1617; x_wconf 91' lang='lat' dir='ltr'><strong>idque</strong></span> <span class='ocrx_word' id='word_1_120' title='bbox 1183 1568 1338 1617; x_wconf 78' lang='lat' dir='ltr'><strong>praeter</strong></span> <span class='ocrx_word' id='word_1_121' title='bbox 1384 1559 1497 1601; x_wconf 88' lang='lat' dir='ltr'><strong>hunc</strong></span> <span class='ocrx_word' id='word_1_122' title='bbox 1545 1559 1675 1600; x_wconf 84' lang='lat' dir='ltr'><strong>huius</strong></span> 
     </span>
     <span class='ocr_line' id='line_1_18' title="bbox 212 1639 1677 1696; baseline -0.003 -13"><span class='ocrx_word' id='word_1_123' title='bbox 212 1642 423 1683; x_wconf 89' lang='lat' dir='ltr'><strong>orationis</strong></span> <span class='ocrx_word' id='word_1_124' title='bbox 468 1639 612 1680; x_wconf 87' lang='lat' dir='ltr'><strong>locum</strong></span> <span class='ocrx_word' id='word_1_125' title='bbox 655 1641 928 1695; x_wconf 82' lang='lat' dir='ltr'><strong>apertissime</strong></span> <span class='ocrx_word' id='word_1_126' title='bbox 960 1639 1199 1696; x_wconf 84' lang='lat' dir='ltr'><strong>significari</strong></span> <span class='ocrx_word' id='word_1_127' title='bbox 1233 1655 1258 1681; x_wconf 86' lang='lat' dir='ltr'><strong>a</strong></span> <span class='ocrx_word' id='word_1_128' title='bbox 1290 1639 1434 1681; x_wconf 88' lang='lat' dir='ltr'><strong>Plinio</strong></span> <span class='ocrx_word' id='word_1_129' title='bbox 1468 1639 1577 1681; x_wconf 79' lang='lat' dir='ltr'><strong>Min.</strong></span> <span class='ocrx_word' id='word_1_130' title='bbox 1609 1653 1677 1695; x_wconf 89' lang='lat' dir='ltr'><strong>ep.</strong></span> 
     </span>
     <span class='ocr_line' id='line_1_19' title="bbox 211 1717 1679 1774; baseline -0.003 -11"><span class='ocrx_word' id='word_1_131' title='bbox 211 1720 303 1772; x_wconf 83' lang='lat' dir='ltr'><strong>IV,</strong></span> <span class='ocrx_word' id='word_1_132' title='bbox 343 1721 412 1761; x_wconf 79' lang='lat'><strong>12.</strong></span> <span class='ocrx_word' id='word_1_133' title='bbox 487 1717 642 1774; x_wconf 78' lang='lat' dir='ltr'><strong>Neque</strong></span> <span class='ocrx_word' id='word_1_134' title='bbox 691 1719 744 1759; x_wconf 86' lang='lat' dir='ltr'><strong>ad</strong></span> <span class='ocrx_word' id='word_1_135' title='bbox 789 1718 900 1760; x_wconf 84' lang='lat' dir='ltr'><strong>hanc</strong></span> <span class='ocrx_word' id='word_1_136' title='bbox 940 1721 1211 1761; x_wconf 86' lang='lat' dir='ltr'><strong>sortitionem</strong></span> <span class='ocrx_word' id='word_1_137' title='bbox 1263 1719 1500 1760; x_wconf 87' lang='lat' dir='ltr'><strong>tollendam</strong></span> <span class='ocrx_word' id='word_1_138' title='bbox 1556 1718 1679 1774; x_wconf 89' lang='lat' dir='ltr'><strong>quid-</strong></span> 
     </span>
     <span class='ocr_line' id='line_1_20' title="bbox 214 1798 1677 1857; baseline -0.002 -17"><span class='ocrx_word' id='word_1_139' title='bbox 214 1815 342 1857; x_wconf 89' lang='lat' dir='ltr'><strong>quam</strong></span> <span class='ocrx_word' id='word_1_140' title='bbox 375 1798 645 1846; x_wconf 78' lang='lat' dir='ltr'><strong>Abrensius‚</strong></span> <span class='ocrx_word' id='word_1_141' title='bbox 676 1798 789 1854; x_wconf 89' lang='lat' dir='ltr'><strong>quod</strong></span> <span class='ocrx_word' id='word_1_142' title='bbox 826 1798 1020 1840; x_wconf 86' lang='lat' dir='ltr'><strong>umbram</strong></span> <span class='ocrx_word' id='word_1_143' title='bbox 1055 1800 1301 1853; x_wconf 86' lang='lat' dir='ltr'><strong>argumenti</strong></span> <span class='ocrx_word' id='word_1_144' title='bbox 1333 1798 1530 1847; x_wconf 86' lang='lat' dir='ltr'><strong>haberet,</strong></span> <span class='ocrx_word' id='word_1_145' title='bbox 1564 1806 1677 1838; x_wconf 87' lang='lat' dir='ltr'><strong>attu-</strong></span> 
     </span>
     <span class='ocr_line' id='line_1_21' title="bbox 210 1877 1678 1934; baseline -0.003 -13"><span class='ocrx_word' id='word_1_146' title='bbox 210 1879 278 1923; x_wconf 86' lang='lat' dir='ltr'><strong>lit.</strong></span> <span class='ocrx_word' id='word_1_147' title='bbox 358 1878 446 1920; x_wconf 84' lang='lat' dir='ltr'><strong>Sed</strong></span> <span class='ocrx_word' id='word_1_148' title='bbox 501 1892 643 1934; x_wconf 80' lang='lat' dir='ltr'><strong>operae</strong></span> <span class='ocrx_word' id='word_1_149' title='bbox 687 1879 874 1934; x_wconf 87' lang='lat' dir='ltr'><strong>pretium</strong></span> <span class='ocrx_word' id='word_1_150' title='bbox 917 1888 983 1920; x_wconf 89' lang='lat' dir='ltr'><strong>est</strong></span> <span class='ocrx_word' id='word_1_151' title='bbox 1023 1880 1203 1930; x_wconf 86' lang='lat' dir='ltr'><strong>videre,</strong></span> <span class='ocrx_word' id='word_1_152' title='bbox 1258 1893 1387 1934; x_wconf 88' lang='lat' dir='ltr'><strong>quam</strong></span> <span class='ocrx_word' id='word_1_153' title='bbox 1432 1877 1678 1919; x_wconf 87' lang='lat' dir='ltr'><strong>inconside-</strong></span> 
     </span>
     <span class='ocr_line' id='line_1_22' title="bbox 212 1956 1678 2014; baseline -0.003 -14"><span class='ocrx_word' id='word_1_154' title='bbox 212 1968 306 2001; x_wconf 85' lang='lat' dir='ltr'><strong>rate</strong></span> <span class='ocrx_word' id='word_1_155' title='bbox 350 1958 441 1999; x_wconf 82' lang='lat' dir='ltr'><strong>haec</strong></span> <span class='ocrx_word' id='word_1_156' title='bbox 482 1956 718 2014; x_wconf 84' lang='lat' dir='ltr'><strong>fingantur.</strong></span> <span class='ocrx_word' id='word_1_157' title='bbox 799 1957 911 2000; x_wconf 84' lang='lat' dir='ltr'><strong>Nam</strong></span> <span class='ocrx_word' id='word_1_158' title='bbox 953 1959 1166 2000; x_wconf 87' lang='lat' dir='ltr'><strong>eiusmodi</strong></span> <span class='ocrx_word' id='word_1_159' title='bbox 1215 1959 1489 1999; x_wconf 85' lang='lat' dir='ltr'><strong>sortitionem</strong></span> <span class='ocrx_word' id='word_1_160' title='bbox 1531 1957 1678 1997; x_wconf 86' lang='lat' dir='ltr'><strong>nescio</strong></span> 
     </span>
     <span class='ocr_line' id='line_1_23' title="bbox 216 2038 1679 2094; baseline 0 -17"><span class='ocrx_word' id='word_1_161' title='bbox 216 2053 301 2094; x_wconf 89' lang='lat' dir='ltr'><strong>quo</strong></span> <span class='ocrx_word' id='word_1_162' title='bbox 343 2038 514 2078; x_wconf 85' lang='lat' dir='ltr'><strong>somnio</strong></span> <span class='ocrx_word' id='word_1_163' title='bbox 559 2039 817 2094; x_wconf 84' lang='lat' dir='ltr'><strong>excogitare</strong></span> <span class='ocrx_word' id='word_1_164' title='bbox 856 2039 951 2079; x_wconf 88' lang='lat' dir='ltr'><strong>sine</strong></span> <span class='ocrx_word' id='word_1_165' title='bbox 990 2038 1083 2079; x_wconf 87' lang='lat' dir='ltr'><strong>ulla</strong></span> <span class='ocrx_word' id='word_1_166' title='bbox 1124 2052 1255 2079; x_wconf 89' lang='lat' dir='ltr'><strong>causa</strong></span> <span class='ocrx_word' id='word_1_167' title='bbox 1293 2047 1336 2078; x_wconf 90' lang='lat' dir='ltr'><strong>ct</strong></span> <span class='ocrx_word' id='word_1_168' title='bbox 1376 2038 1429 2079; x_wconf 88' lang='lat' dir='ltr'><strong>ad</strong></span> <span class='ocrx_word' id='word_1_169' title='bbox 1477 2038 1679 2078; x_wconf 83' lang='lat' dir='ltr'><strong>aerarium</strong></span> 
     </span>
     <span class='ocr_line' id='line_1_24' title="bbox 217 2115 1682 2173; baseline -0.002 -15"><span class='ocrx_word' id='word_1_170' title='bbox 217 2116 315 2159; x_wconf 90' lang='lat' dir='ltr'><strong>fieri</strong></span> <span class='ocrx_word' id='word_1_171' title='bbox 358 2116 532 2157; x_wconf 88' lang='lat' dir='ltr'><strong>solitam</strong></span> <span class='ocrx_word' id='word_1_172' title='bbox 572 2131 777 2165; x_wconf 86' lang='lat' dir='ltr'><strong>narrare,</strong></span> <span class='ocrx_word' id='word_1_173' title='bbox 823 2116 1060 2158; x_wconf 85' lang='lat' dir='ltr'><strong>lectoribus</strong></span> <span class='ocrx_word' id='word_1_174' title='bbox 1098 2119 1314 2172; x_wconf 88' lang='lat' dir='ltr'><strong>patienter</strong></span> <span class='ocrx_word' id='word_1_175' title='bbox 1354 2115 1682 2173; x_wconf 79' lang='lat' dir='ltr'><strong>accipientibus,</strong></span> 
     </span>
     <span class='ocr_line' id='line_1_25' title="bbox 217 2189 1682 2251; baseline -0.005 -14"><span class='ocrx_word' id='word_1_176' title='bbox 217 2204 333 2238; x_wconf 86' lang='lat' dir='ltr'><strong>certe</strong></span> <span class='ocrx_word' id='word_1_177' title='bbox 364 2197 401 2236; x_wconf 88' lang='lat' dir='ltr'><strong>is</strong></span> <span class='ocrx_word' id='word_1_178' title='bbox 432 2195 605 2236; x_wconf 90' lang='lat' dir='ltr'><strong>demum</strong></span> <span class='ocrx_word' id='word_1_179' title='bbox 638 2203 813 2250; x_wconf 84' lang='lat' dir='ltr'><strong>posset,</strong></span> <span class='ocrx_word' id='word_1_180' title='bbox 869 2196 943 2250; x_wconf 89' lang='lat' dir='ltr'><strong>qui</strong></span> <span class='ocrx_word' id='word_1_181' title='bbox 984 2195 1117 2251; x_wconf 84' lang='lat' dir='ltr'><strong>longo</strong></span> <span class='ocrx_word' id='word_1_182' title='bbox 1152 2204 1346 2251; x_wconf 87' lang='lat' dir='ltr'><strong>tempore</strong></span> <span class='ocrx_word' id='word_1_183' title='bbox 1379 2201 1477 2251; x_wconf 90' lang='lat' dir='ltr'><strong>post</strong></span> <span class='ocrx_word' id='word_1_184' title='bbox 1507 2189 1682 2232; x_wconf 87' lang='lat' dir='ltr'><strong>sublata</strong></span> 
     </span>
     <span class='ocr_line' id='line_1_26' title="bbox 218 2272 1682 2318; baseline -0.004 -2"><span class='ocrx_word' id='word_1_185' title='bbox 218 2283 372 2316; x_wconf 76' lang='lat' dir='ltr'><strong>vetera</strong></span> <span class='ocrx_word' id='word_1_186' title='bbox 408 2272 647 2314; x_wconf 84' lang='lat' dir='ltr'><strong>scribarum</strong></span> <span class='ocrx_word' id='word_1_187' title='bbox 681 2275 880 2314; x_wconf 86' lang='lat' dir='ltr'><strong>instituta</strong></span> <span class='ocrx_word' id='word_1_188' title='bbox 912 2276 1098 2318; x_wconf 72' lang='lat' dir='ltr'><strong>viveret.</strong></span> <span class='ocrx_word' id='word_1_189' title='bbox 1171 2275 1226 2315; x_wconf 89' lang='lat' dir='ltr'><strong>Et</strong></span> <span class='ocrx_word' id='word_1_190' title='bbox 1256 2285 1400 2316; x_wconf 87' lang='lat' dir='ltr'><strong>tamen</strong></span> <span class='ocrx_word' id='word_1_191' title='bbox 1433 2273 1544 2314; x_wconf 86' lang='lat' dir='ltr'><strong>hanc</strong></span> <span class='ocrx_word' id='word_1_192' title='bbox 1584 2284 1682 2311; x_wconf 85' lang='lat' dir='ltr'><strong>ora-</strong></span> 
     </span>
     <span class='ocr_line' id='line_1_27' title="bbox 221 2351 1680 2410; baseline -0.004 -15"><span class='ocrx_word' id='word_1_193' title='bbox 221 2355 384 2395; x_wconf 88' lang='lat' dir='ltr'><strong>tionem</strong></span> <span class='ocrx_word' id='word_1_194' title='bbox 417 2351 533 2393; x_wconf 83' lang='lat' dir='ltr'><strong>alter</strong></span> <span class='ocrx_word' id='word_1_195' title='bbox 563 2353 809 2393; x_wconf 89' lang='lat' dir='ltr'><strong>criticorum</strong></span> <span class='ocrx_word' id='word_1_196' title='bbox 849 2351 903 2394; x_wconf 87' lang='lat' dir='ltr'><strong>ab</strong></span> <span class='ocrx_word' id='word_1_197' title='bbox 944 2353 1183 2410; x_wconf 86' lang='lat' dir='ltr'><strong>Augusteae</strong></span> <span class='ocrx_word' id='word_1_198' title='bbox 1215 2357 1353 2396; x_wconf 84' lang='lat' dir='ltr'><strong>aetatis</strong></span> <span class='ocrx_word' id='word_1_199' title='bbox 1388 2352 1680 2395; x_wconf 83' lang='lat' dir='ltr'><strong>declamatore</strong></span> 
     </span>
     <span class='ocr_line' id='line_1_28' title="bbox 222 2430 1682 2487; baseline -0.002 -13"><span class='ocrx_word' id='word_1_200' title='bbox 222 2433 430 2487; x_wconf 82' lang='lat' dir='ltr'><strong>scriptam</strong></span> <span class='ocrx_word' id='word_1_201' title='bbox 474 2445 572 2472; x_wconf 86' lang='lat' dir='ltr'><strong>esse</strong></span> <span class='ocrx_word' id='word_1_202' title='bbox 612 2430 735 2483; x_wconf 80' lang='lat' dir='ltr'><strong>vult,</strong></span> <span class='ocrx_word' id='word_1_203' title='bbox 779 2431 862 2473; x_wconf 87' lang='lat' dir='ltr'><strong>hoc</strong></span> <span class='ocrx_word' id='word_1_204' title='bbox 895 2442 986 2484; x_wconf 86' lang='lat' dir='ltr'><strong>est,</strong></span> <span class='ocrx_word' id='word_1_205' title='bbox 1031 2432 1084 2474; x_wconf 84' lang='lat' dir='ltr'><strong>ab</strong></span> <span class='ocrx_word' id='word_1_206' title='bbox 1125 2449 1204 2486; x_wconf 90' lang='lat' dir='ltr'><strong>eo,</strong></span> <span class='ocrx_word' id='word_1_207' title='bbox 1235 2436 1304 2476; x_wconf 85' lang='lat' dir='ltr'><strong>cui</strong></span> <span class='ocrx_word' id='word_1_208' title='bbox 1336 2443 1426 2475; x_wconf 89' lang='lat' dir='ltr'><strong>tota</strong></span> <span class='ocrx_word' id='word_1_209' title='bbox 1455 2433 1585 2473; x_wconf 91' lang='lat' dir='ltr'><strong>huius</strong></span> <span class='ocrx_word' id='word_1_210' title='bbox 1615 2430 1682 2471; x_wconf 84' lang='lat' dir='ltr'><strong>rei</strong></span> 
     </span>
     <span class='ocr_line' id='line_1_29' title="bbox 220 2510 1682 2567; baseline -0.001 -14"><span class='ocrx_word' id='word_1_211' title='bbox 220 2512 361 2554; x_wconf 77' lang='lat' dir='ltr'><strong>forma</strong></span> <span class='ocrx_word' id='word_1_212' title='bbox 406 2511 598 2567; x_wconf 88' lang='lat' dir='ltr'><strong>quotidie</strong></span> <span class='ocrx_word' id='word_1_213' title='bbox 646 2510 700 2553; x_wconf 91' lang='lat' dir='ltr'><strong>ob</strong></span> <span class='ocrx_word' id='word_1_214' title='bbox 742 2510 892 2553; x_wconf 86' lang='lat' dir='ltr'><strong>oculos</strong></span> <span class='ocrx_word' id='word_1_215' title='bbox 942 2521 1084 2566; x_wconf 86' lang='lat' dir='ltr'><strong>esset,</strong></span> <span class='ocrx_word' id='word_1_216' title='bbox 1133 2513 1243 2556; x_wconf 88' lang='lat' dir='ltr'><strong>alter</strong></span> <span class='ocrx_word' id='word_1_217' title='bbox 1275 2515 1408 2556; x_wconf 89' lang='lat' dir='ltr'><strong>etiam</strong></span> <span class='ocrx_word' id='word_1_218' title='bbox 1441 2528 1469 2554; x_wconf 85' lang='lat' dir='ltr'><strong>a</strong></span> <span class='ocrx_word' id='word_1_219' title='bbox 1500 2510 1682 2559; x_wconf 73' lang='lat' dir='ltr'><strong>Tirone,</strong></span> 
     </span>
    </p>
   </div>
   <div class='ocr_carea' id='block_1_3' title="bbox 311 2665 1681 2841">
    <p class='ocr_par' dir='ltr' id='par_1_3' title="bbox 311 2665 1681 2841">
     <span class='ocr_line' id='line_1_30' title="bbox 311 2665 1681 2716; baseline 0.004 -18"><span class='ocrx_word' id='word_1_220' title='bbox 311 2666 453 2699; x_wconf 79' lang='lat' dir='ltr'><strong>bantur</strong></span> <span class='ocrx_word' id='word_1_221' title='bbox 476 2665 712 2713; x_wconf 81' lang='lat' dir='ltr'><strong>imperiaque</strong></span> <span class='ocrx_word' id='word_1_222' title='bbox 734 2667 1025 2713; x_wconf 82' lang='lat' dir='ltr'><strong>magistratuum</strong></span> <span class='ocrx_word' id='word_1_223' title='bbox 1047 2669 1316 2716; x_wconf 79' lang='lat' dir='ltr'><strong>virgarumque</strong></span> <span class='ocrx_word' id='word_1_224' title='bbox 1341 2669 1417 2703; x_wconf 77' lang='lat' dir='ltr'><strong>vim</strong></span> <span class='ocrx_word' id='word_1_225' title='bbox 1442 2666 1681 2703; x_wconf 81' lang='lat' dir='ltr'><strong>coercebant.</strong></span> 
     </span>
     <span class='ocr_line' id='line_1_31' title="bbox 312 2726 1679 2779; baseline 0.001 -18"><span class='ocrx_word' id='word_1_226' title='bbox 312 2726 475 2774; x_wconf 81' lang='lat' dir='ltr'><strong>Propior</strong></span> <span class='ocrx_word' id='word_1_227' title='bbox 511 2727 572 2763; x_wconf 80' lang='lat' dir='ltr'><strong>illi</strong></span> <span class='ocrx_word' id='word_1_228' title='bbox 605 2729 766 2776; x_wconf 85' lang='lat' dir='ltr'><strong>tempori</strong></span> <span class='ocrx_word' id='word_1_229' title='bbox 804 2729 1030 2777; x_wconf 77' lang='lat' dir='ltr'><strong>Sempronia</strong></span> <span class='ocrx_word' id='word_1_230' title='bbox 1067 2731 1129 2773; x_wconf 62' lang='lat' dir='ltr'><strong>lex</strong></span> <span class='ocrx_word' id='word_1_231' title='bbox 1154 2732 1274 2779; x_wconf 78' lang='lat' dir='ltr'><strong>ipsam</strong></span> <span class='ocrx_word' id='word_1_232' title='bbox 1297 2730 1531 2764; x_wconf 73' lang='lat' dir='ltr'><strong>iudiciorum</strong></span> <span class='ocrx_word' id='word_1_233' title='bbox 1554 2728 1679 2775; x_wconf 74' lang='lat' dir='ltr'><strong>legiti-</strong></span> 
     </span>
     <span class='ocr_line' id='line_1_32' title="bbox 313 2788 1680 2841; baseline 0.001 -18"><span class='ocrx_word' id='word_1_234' title='bbox 313 2800 412 2823; x_wconf 80' lang='lat' dir='ltr'><strong>mam</strong></span> <span class='ocrx_word' id='word_1_235' title='bbox 446 2788 607 2824; x_wconf 82' lang='lat' dir='ltr'><strong>formam</strong></span> <span class='ocrx_word' id='word_1_236' title='bbox 641 2791 841 2827; x_wconf 83' lang='lat' dir='ltr'><strong>sanciebat</strong></span> <span class='ocrx_word' id='word_1_237' title='bbox 876 2793 965 2839; x_wconf 88' lang='lat' dir='ltr'><strong>(pro</strong></span> <span class='ocrx_word' id='word_1_238' title='bbox 1003 2793 1132 2828; x_wconf 85' lang='lat' dir='ltr'><strong>Rabir.</strong></span> <span class='ocrx_word' id='word_1_239' title='bbox 1168 2793 1354 2841; x_wconf 77' lang='lat' dir='ltr'><strong>per-duell.</strong></span> <span class='ocrx_word' id='word_1_240' title='bbox 1394 2796 1416 2836; x_wconf 83' lang='lat'>§</span> <span class='ocrx_word' id='word_1_241' title='bbox 1438 2793 1522 2835; x_wconf 83' lang='lat'>12);</span> <span class='ocrx_word' id='word_1_242' title='bbox 1548 2791 1680 2838; x_wconf 77' lang='lat' dir='ltr'><strong>itaque</strong></span> 
     </span>
    </p>
   </div>
   <div class='ocr_carea' id='block_1_4' title="bbox 316 2850 1683 2959">
    <p class='ocr_par' dir='ltr' id='par_1_4' title="bbox 316 2850 1683 2959">
     <span class='ocr_line' id='line_1_33' title="bbox 316 2850 1683 2902; baseline 0.003 -18"><span class='ocrx_word' id='word_1_243' title='bbox 316 2862 359 2884; x_wconf 86' lang='lat' dir='ltr'><strong>ea</strong></span> <span class='ocrx_word' id='word_1_244' title='bbox 390 2850 563 2897; x_wconf 81' lang='lat' dir='ltr'><strong>flagitare</strong></span> <span class='ocrx_word' id='word_1_245' title='bbox 588 2852 801 2895; x_wconf 83' lang='lat' dir='ltr'><strong>videbatur,</strong></span> <span class='ocrx_word' id='word_1_246' title='bbox 824 2859 868 2889; x_wconf 89' lang='lat' dir='ltr'><strong>ut</strong></span> <span class='ocrx_word' id='word_1_247' title='bbox 898 2855 1087 2891; x_wconf 82' lang='lat' dir='ltr'><strong>coniurati</strong></span> <span class='ocrx_word' id='word_1_248' title='bbox 1113 2854 1161 2890; x_wconf 80' lang='lat' dir='ltr'><strong>ad</strong></span> <span class='ocrx_word' id='word_1_249' title='bbox 1184 2854 1330 2890; x_wconf 81' lang='lat' dir='ltr'><strong>iudices</strong></span> <span class='ocrx_word' id='word_1_250' title='bbox 1355 2854 1683 2902; x_wconf 67' lang='lat' dir='ltr'><strong>quaestionemque</strong></span> 
     </span>
     <span class='ocr_line' id='line_1_34' title="bbox 316 2911 1034 2959; baseline 0.008 -13"><span class='ocrx_word' id='word_1_251' title='bbox 316 2911 466 2959; x_wconf 74' lang='lat' dir='ltr'><strong>legibus</strong></span> <span class='ocrx_word' id='word_1_252' title='bbox 494 2915 742 2950; x_wconf 75' lang='lat' dir='ltr'><strong>constitutam</strong></span> <span class='ocrx_word' id='word_1_253' title='bbox 770 2916 1034 2952; x_wconf 69' lang='lat' dir='ltr'><strong>reficerentur.</strong></span> 
     </span>
    </p>
   </div>
  </div>
 </body>
</html>
