1821 3309
1467 200 1566 250 297

801 579 994 650 V111.

164 760 444 816 Praefatio
491 761 741 817 editioni
782 763 1043 837 repetitae
1086 760 1385 816 Ciceronis
1429 760 1639 815 oratio-

457 879 599 916 num
643 862 985 916 selectarum
1029 860 1356 934 praeposita.

167 1098 304 1181 Qnae
336 1142 436 1174 ante
469 1133 550 1174 hos
582 1134 782 1175 undecim
816 1149 970 1185 annos,
1005 1149 1136 1190 quum
1173 1133 1252 1174 has
1284 1131 1509 1174 Ciceronis
1545 1137 1642 1174 ora*-

165 1215 308 1254 tiones
340 1215 526 1268 primum
560 1213 770 1265 edebam,
811 1215 863 1254 de
910 1229 1043 1269 opera
1088 1229 1113 1255 a
1156 1228 1222 1254 me
1264 1215 1306 1253 iu
1343 1213 1396 1252 iis
1430 1227 1642 1267 recogno-

166 1292 339 1333 scendis
380 1301 422 1332 et
465 1293 747 1333 emendandis
793 1302 964 1347 sumpta
1000 1292 1193 1333 breviter
1226 1293 1564 1347 magistrorum,
1600 1300 1643 1332 et

165 1372 203 1411 si
245 1372 317 1426 qui
360 1370 435 1411 alii
473 1370 700 1412 Ciceronis
731 1371 916 1411 studiosi
951 1370 1109 1411 librum
1144 1372 1453 1426 aspexissent,
1495 1371 1645 1411 admo-

167 1450 408 1490 nendorum
452 1464 582 1490 causa
626 1450 830 1504 praefatus
879 1464 1002 1499 sum,
1066 1465 1116 1491 ea
1167 1464 1296 1505 quum
1350 1459 1500 1505 postea
1546 1465 1644 1492 cum

167 1526 338 1568 duabus
380 1527 752 1583 disputationibus
790 1529 842 1569 de
886 1529 1033 1570 multis
1077 1529 1228 1569 harum
1262 1530 1507 1569 orationum
1538 1528 1646 1570 locis

168 1608 400 1648 coniuncta
431 1608 544 1647 inter
577 1607 787 1662 opuscula
820 1623 916 1648 mea
949 1609 1198 1649 academica
1234 1609 1481 1663 posuerim,
1524 1607 1646 1650 nulla

168 1699 300 1727 causa
331 1685 506 1726 videtur
540 1699 669 1732 esse,
719 1701 794 1726 cur
840 1701 953 1728 nunc
998 1688 1110 1742 typis
1153 1685 1340 1727 desc-ribi
1374 1686 1537 1737 velim,
1591 1685 1646 1727 ab

167 1756 261 1798 illis
310 1757 551 1812 praesertim
595 1756 968 1811 disputationibus
1014 1767 1230 1812 separata.
1309 1758 1395 1797 Sed
1440 1759 1646 1813 quoniam

169 1834 280 1886 hoc,
325 1835 440 1890 quod
484 1849 598 1876 nunc
644 1835 905 1892 evulgatur,
952 1836 1206 1889 exemplum
1243 1851 1266 1877 a
1308 1837 1534 1888 superiore
1568 1836 1648 1877 illo

167 1923 346 1970 propter
398 1928 611 1954 novorum
667 1914 719 1954 ad
767 1914 857 1955 haec
898 1913 1123 1955 Ciceronis
1167 1917 1329 1971 scripta
1378 1919 1650 1959 emendanda

169 1992 472 2048 praesidiorum
525 1993 820 2032 accessionem
876 2001 1161 2047 veterumque
1212 1993 1453 2049 pleniorem
1501 1998 1648 2046 etiam,

173 2084 301 2126 quam
340 2078 494 2120 antea,
552 2084 676 2110 usum
723 2069 978 2111 notabiliter
1023 2070 1190 2126 aliquot
1233 2071 1341 2113 locis
1383 2083 1425 2114 et
1454 2075 1651 2129 partibus

171 2148 392 2202 discrepat
446 2156 489 2188 et
532 2157 676 2189 tamen
723 2158 901 2204 propter
942 2150 1091 2190 iudicii
1135 2152 1219 2190 mei
1263 2151 1315 2191 de
1362 2154 1569 2195 universa
1605 2169 1651 2196 re

171 2227 462 2269 constantiam
498 2226 550 2268 ab
584 2242 762 2277 eorum,
819 2229 892 2283 qui
925 2228 1100 2269 easdem
1135 2231 1357 2271 orationes
1394 2245 1533 2286 nuper
1567 2242 1653 2274 tra·

112 2322 114 2324 ·
173 2313 371 2357 ctarunt,
415 2307 648 2347 sententiis
684 2321 800 2362 saepe
843 2305 1115 2362 multumque
1144 2307 1354 2360 discedit,
1402 2310 1651 2352 faciendum

170 2384 371 2436 videtur,
430 2391 503 2434 ut,
549 2398 681 2439 quum
736 2383 875 2425 semel
927 2384 1028 2426 huic
1068 2384 1183 2426 libro
1227 2386 1494 2428 scholastico
1535 2390 1654 2429 criti-

174 2475 324 2503 carum
371 2463 662 2516 quaestionum
713 2462 1001 2517 appendicem
1045 2463 1354 2514 adiunxerim,
1425 2465 1478 2506 de
1522 2466 1654 2508 huius

173 2541 403 2595 utriusque
450 2539 756 2595 discrepantiae
806 2541 951 2580 causis
994 2541 1196 2582 nonnihil
1236 2542 1404 2594 dicam,
1457 2545 1511 2586 ad
1552 2560 1653 2587 eum

174 2617 345 2660 scilicet
376 2616 526 2670 finem,
558 2632 687 2674 quem
718 2626 848 2659 antea
879 2633 1051 2675 quoque
1081 2620 1189 2661 mihi
1223 2624 1562 2676 constitueram,
1607 2633 1656 2665 ut

177 2704 389 2753 appareat
430 2698 612 2752 peritis,
673 2695 911 2754 diligenter
959 2711 1028 2739 me
1079 2701 1259 2756 negotio
1313 2701 1509 2743 functum
1557 2716 1655 2744 esse

177 2773 546 2831 elaborasseque,
601 2783 650 2816 ut
690 2789 822 2832 quam
857 2775 1216 2822 emendatissima
1258 2779 1486 2824 Ciceronis
1517 2780 1657 2823 verba

178 2851 459 2909 legerentur,
506 2852 811 2911 habeantque,
854 2856 930 2912 qui
972 2857 1117 2900 minus
1158 2859 1244 2916 ipsi
1286 2858 1371 2902 sibi
1415 2858 1657 2910 confidunt,
