1821 3309
1393 215 1494 265 307

90 352 180 394 Sed
215 352 329 407 quod
362 353 415 393 de
451 352 645 394 codicum
680 351 908 394 meliorum
941 352 1070 394 laude
1103 354 1444 409 temperandain
1466 370 1562 398 ora-

88 432 208 472 tione
238 431 476 486 Ligariana
494 431 607 481 dixi,
641 431 682 471 id
716 430 854 471 multo
886 431 1018 473 latius
1052 442 1171 488 patet
1202 435 1245 474 in
1273 448 1338 485 ea,
1370 449 1464 490 quae
1484 449 1559 490 pro

88 509 301 551 Deiotaro
349 509 500 550 habita
547 517 626 549 est.
702 508 814 549 Nam
848 508 918 550 hic
951 511 982 550 ii
1015 511 1202 561 codices,
1235 511 1393 567 quibus
1425 513 1504 555 illa
1534 529 1558 555 e

89 587 393 643 superioribus
423 585 696 627 orationibus
727 584 934 626 bonitatis
971 590 1118 642 opinio
1141 589 1349 641 adhaeret,
1381 593 1441 633 ita
1457 601 1558 633 sunt

87 667 334 708 manifestis
389 663 612 706 erroribus
653 663 1151 721 interpolationibusque
1192 667 1447 722 depravati,
1510 680 1557 711 ut

86 746 298 801 exiguam
345 742 536 784 habeant
577 744 899 796 praestantiam,
943 757 1083 798 neque
1128 759 1226 785 raro
1270 760 1295 786 a
1340 747 1556 789 deteriore

85 823 257 865 familia
301 830 376 863 aut
429 835 455 862 a
503 820 661 861 mediis
711 819 968 875 quibusdam
1018 823 1082 878 (in
1135 838 1220 878 quo
1270 838 1433 879 genere
1489 833 1557 866 est

83 902 278 944 maxime
303 899 532 941 Gudianus
563 900 695 954 prior,
730 900 906 939 minime
940 900 1032 940 fere
1064 903 1255 942 oninium
1283 903 1553 957 inquinatus)

87 982 343 1028 vincantur3
364 979 396 1032 ¹)
443 978 525 1018 etsi
558 979 735 1017 omnino
776 977 1043 1018 familiarum
1075 980 1325 1020 discrimina
1358 995 1552 1036 persaepe

80 1058 431 1106 confunduntur,
485 1056 635 1095 eadem
691 1055 1032 1109 interpolatione
1081 1071 1156 1111 per
1202 1067 1430 1113 utramque
1477 1067 1553 1099 aut

77 1137 304 1190 utriusque
349 1142 517 1189 partem
563 1141 782 1187 serpente.
848 1133 1157 1174 Recentissiiui
1199 1135 1414 1187 editores,
1458 1145 1551 1177 tota

75 1229 123 1257 re
156 1227 241 1254 non
273 1211 594 1260 animadversa,
638 1210 737 1250 dum
780 1211 932 1251 eodem
971 1205 1097 1252 niodo
1134 1212 1218 1264 hie,
1258 1228 1342 1268 quo
1374 1215 1417 1254 in
1452 1213 1550 1255 Ma-

77 1291 243 1334 niliana
279 1299 354 1331 aut
393 1291 437 1330 in
479 1288 726 1329 Miloniana
768 1287 865 1328 fieri
901 1298 1043 1344 potest
1078 1306 1128 1331 ac
1162 1290 1307 1341 debet,
1342 1291 1548 1333 meliores

76 1369 248 1412 codices
300 1369 426 1422 sequi
470 1376 698 1414 conantur,
733 1364 910 1407 difficile·
951 1368 1068 1408 dictu
1115 1377 1204 1419 est,
1260 1383 1388 1424 quam
1430 1369 1544 1411 male

76 1448 189 1490 hanc
240 1447 482 1488 orationem
526 1445 825 1484 tractaverint.
884 1443 1020 1486 Cuius
1069 1448 1132 1486 rei
1179 1446 1387 1502 exempla
1428 1462 1543 1502 qute-

72 1527 172 1568 dam
195 1525 247 1566 ad
275 1523 640 1580 persuadendum,
669 1530 713 1561 ut
740 1523 909 1576 opinor,
939 1533 1039 1578 apta
1063 1523 1132 1565 hic
1156 1538 1329 1580 ponam.
1395 1525 1544 1579 (Orel-

69 1605 157 1647 lius
190 1605 234 1645 in
267 1602 488 1659 plerisque
520 1600 629 1641 locis
666 1614 733 1640 ine
761 1609 936 1642 secutus
971 1603 1067 1655 est.)

184 1681 278 1722 Iam
302 1682 346 1721 in
370 1682 465 1735 ipso
489 1678 674 1719 exordio
698 1680 908 1718 orationis
935 1683 958 1732 ξ
979 1682 1007 1720 2
1031 1679 1251 1730 Klotzius,
1275 1679 1541 1731 Beneckius,

71 1760 310 1809 soldanus,
345 1757 543 1798 Orellius
568 1757 921 1809 (Steinmetziuni
945 1759 1116 1811 omitto)
1152 1759 1401 1800 ediderunt:
1426 1759 1540 1800 Eum

70 1851 234 1893 regem,
266 1849 386 1892 quem
414 1848 572 1875 ornare
603 1840 735 1875 antece
767 1842 919 1876 cuncto
954 1850 1046 1877 cum
1074 1843 1229 1878 senata
1260 1851 1542 1889 soLEBAMUS,

67 1928 255 1956 —nnnc
278 1919 430 1954 contra
456 1916 769 1953 alroca'ssc'mmn
803 1917 962 1953 crimen
992 1928 1123 1968 cogor
1157 1914 1410 1965 deffendere,
1441 1930 1536 1956 cuin

69 1994 193 2036 codd.
229 1992 339 2042 Erit,
381 1990 492 2031 Gud.
527 1991 569 2040 2,
601 1990 742 2038 Leid„
777 1990 1043 2046 Salisburg.‚
1074 1992 1172 2032 Par.
1206 1995 1274 2043 11,
1307 1992 1406 2032 aliis
1437 1993 1538 2048 plu-

67 2071 203 2113 ribus.
264 2068 426 2132 Novi,¹
452 2082 578 2124 quam
628 2067 759 2108 facile
803 2077 845 2108 et
886 2068 1031 2109 subito
1066 2068 1220 2109 Cicero
1256 2071 1404 2124 priinae
1440 2085 1536 2125 per-

65 2163 184 2191 sonae
227 2145 351 2190 verbi
393 2135 620 2187 numerum
664 2156 814 2187 mutet.
879 2145 1127 2202 Numquam
1160 2156 1303 2188 tamen
1336 2148 1378 2188 id
1412 2148 1534 2196 fecit,

65 2227 178 2284 quod
219 2226 431 2268 orationis
473 2233 628 2265 natura
662 2224 952 2281 repugnabat,
991 2226 1035 2265 in
1065 2226 1280 2266 eiusmodi
1310 2228 1533 2266 notatione

63 2319 208 2348 rerum
252 2305 297 2344 in
338 2317 418 2344 sua
457 2304 595 2359 ipsius
638 2318 825 2358 persona
866 2305 1181 2344 contrariarum
1226 2305 1270 2344 in
1315 2305 1534 2344 sententia

64 2383 252 2425 relativa
296 2389 339 2421 et
382 2381 727 2422 demonstrativa
764 2381 996 2435 copulatis.
1062 2381 1207 2433 (Quod
1240 2380 1438 2421 ofellius
1471 2395 1530 2421 ex

87 2558 118 2601 ¹)
155 2554 337 2590 codicem
365 2551 462 2586 Gud.
488 2551 504 2585 1
536 2551 750 2594 Soldamas,
790 2551 855 2597 qui
890 2551 973 2596 ipse
1002 2552 1192 2593 eontulit,
1228 2552 1326 2586 salso
1353 2565 1438 2587 eum
1464 2553 1530 2587 illa

153 2614 419 2654 ,Ei-funensis,
456 2612 621 2647 Gudiani
649 2612 804 2646 secundi
823 2639 831 2652 ‚
867 2612 1195 2658 Salisbmgensis,
1218 2612 1447 2647 Parisiensis
1471 2615 1528 2648 xl

155 2676 301 2711 familia
327 2674 542 2720 coniungit,
577 2687 596 2708 a
632 2685 705 2719 qua
738 2674 778 2706 in
816 2673 863 2707 iis
891 2674 1001 2715 loeis,
1040 2674 1106 2708 ubi
1132 2674 1292 2708 maxime
1320 2673 1527 2710 discrimen

156 2737 387 2775 familiarum
414 2736 569 2776 eminet,
594 2746 752 2780 prorsus
780 2733 945 2768 discedit
975 2737 1013 2777 (§
1043 2739 1058 2768 1
1088 2736 1264 2775 solebam,
1302 2738 1322 2777 ἓ
1348 2739 1371 2768 2
1396 2738 1526 2772 crude-

156 2798 224 2832 lem
255 2795 474 2837 Castorem,
510 2798 531 2839 5
556 2799 577 2829 3
605 2789 827 2830 οιυηύονῦα
856 2796 1077 2837 audiebam,
1108 2798 1129 2839 ἓ
1155 2800 1177 2829 8
1201 2796 1418 2840 adfectum,
1455 2801 1476 2840 §
1506 2803 1527 2830 9

157 2857 321 2896 exorari,
347 2859 368 2899 ἓ
397 2860 439 2891 12
465 2864 574 2892 tutilo
602 2878 642 2884 --
672 2862 827 2903 quanm,
856 2861 946 2900 otc.)

1201 2933 1263 2962 20·
