1821 3309
1441 187 1532 238 171

393 329 522 382 Illuc,
540 329 641 382 heu,
659 330 807 371 miseri
826 329 1105 371 traducimur.
1137 329 1274 371 Arma
1291 329 1470 386 quidem
1488 329 1602 372 ultra

395 407 549 450 Litora
578 407 778 450 Iuvernae
808 409 1108 461 promovimus
1141 418 1222 450 etc.

131 506 270 550 Nemo
304 508 435 550 facile
469 509 662 560 dixerit,
708 523 792 564 quo
827 509 1043 564 pertineat
1077 509 1307 550 interiecta
1340 509 1419 551 illa
1446 511 1499 551 de
1531 525 1606 551 ne-

131 587 336 628 cessitate
367 587 579 628 moriendi
612 597 654 627 et
685 587 738 628 ad
769 587 935 628 inferos
958 588 1165 628 veniendi
1193 588 1403 644 querela.'
1453 587 1606 644 Itaque

134 662 371 721 Rupertius
418 665 550 707 aliani
603 666 879 722 excogitavit
929 668 1360 723 interpretationem,
1410 675 1458 709 ut
1499 668 1608 709 illuc

135 744 408 786 traducimur
441 753 581 788 esset:
629 758 676 786 eo
702 745 989 800 turpitudinis
1022 750 1214 788 venimus
1245 748 1389 804 (quasi
1431 746 1513 788 hoc
1553 748 1609 788 sit

134 822 316 864 traduci
343 824 536 879 aliquo),
579 823 661 865 hoc
705 833 849 864 autem
896 838 944 865 eo
987 825 1040 865 ad
1084 840 1163 877 ea,
1217 840 1310 882 quae
1353 834 1609 883 sequuntur,

137 901 367 953 referatur,
398 901 521 943 nulla
547 903 759 943 orationis
783 911 1014 944 structura.
1036 905 1067 957 ¹)
1129 904 1304 955 Quanto
1334 906 1611 961 praestitisset

140 981 368 1023 valesium
401 982 550 1037 sequi,
595 996 619 1021 a
654 980 877 1022 codicibus
909 983 1150 1037 praesertim
1187 983 1409 1035 adiutum,
1444 985 1518 1040 qui
1548 985 1610 1025 sic

140 1059 274 1102 verba
305 1061 509 1102 distinxit
541 1067 583 1100 et
614 1060 814 1116 scripsit:

856 1147 898 1180 et
930 1140 967 1179 si
998 1139 1112 1180 foret
1140 1138 1320 1181 humida
1349 1140 1500 1183 laurus

407 1215 519 1258 Illic.
555 1215 679 1258 IIeu!
713 1217 863 1258 miseri
897 1218 1180 1260 traducimur.
1233 1218 1371 1261 Arma
1404 1229 1486 1262 etc.

145 1303 188 1335 ut
222 1294 495 1336 traducimur
525 1296 605 1338 sit:
633 1294 825 1337 ludibrio
859 1310 1024 1338 sumus.

256 1373 448 1415 Gravius
480 1373 762 1430 perturbatus
796 1383 862 1415 est
895 1389 973 1416 nec
1006 1374 1100 1416 sola
1129 1375 1246 1417 mala
1280 1374 1515 1418 verborum
1550 1379 1614 1420 di-

143 1454 392 1505 stinctione,
419 1453 496 1494 sed
524 1462 673 1494 tamen
702 1452 783 1494 hac
810 1467 981 1509 quoque
1011 1463 1054 1494 et
1083 1454 1256 1510 quidem
1286 1457 1446 1512 saepius
1476 1456 1616 1509 locus,

144 1532 216 1587 qui
244 1532 288 1572 in
312 1533 446 1573 satira
470 1532 729 1573 duodecima
758 1531 924 1588 legitur
950 1532 1051 1573 inde
1079 1548 1104 1574 a
1128 1547 1259 1575 versu
1285 1536 1353 1587 17,
1383 1533 1457 1576 ubi
1485 1546 1615 1593 poeta

146 1610 380 1663 describit,
424 1624 519 1667 quoe
562 1609 762 1667 pericula
803 1608 1004 1653 Catullus
1047 1614 1213 1654 amicus
1255 1614 1300 1654 in
1342 1615 1452 1656 mari
1486 1629 1615 1672 supe-

148 1691 335 1731 raverit:

413 1766 526 1810 Nam
558 1775 715 1823 praeter
749 1766 898 1824 pelagi
930 1781 1056 1809 casus
1089 1778 1131 1809 et
1165 1767 1356 1826 fulguris
1391 1771 1523 1814 ictum

415 1845 551 1888 Evasi
581 1845 728 1888 densae
760 1846 930 1889 coelum
959 1846 1228 1889 abscondere
1259 1847 1451 1894 tenebrae

413 1923 544 1967 Nube
580 1939 668 1967 una
699 1924 956 1982 subitusque
988 1934 1202 1968 antennas
1232 1927 1407 1984 impulit
1439 1931 1570 1987 ignis,

422 2002 570 2054 Quum
589 2018 636 2046 se
656 2005 840 2061 quisque
860 2004 939 2047 illo
959 2019 1215 2061 percussum
1237 2006 1435 2049 crederet
1457 2016 1498 2050 et
1517 2024 1620 2051 mox

418 2084 648 2125 Attonitus
679 2083 848 2126 nullum
886 2085 1075 2127 conferri
1107 2099 1237 2142 posse
1269 2093 1443 2142 putaret

420 2161 714 2220 Naufragium
744 2163 860 2207 velis
891 2163 1164 2207 ardentibus.
1235 2163 1397 2208 Omnia
1427 2163 1539 2209 fiunt

421 2239 572 2292 Talia,
603 2251 691 2285 tam
723 2245 940 2301 graviter,
974 2246 1012 2286 si
1043 2244 1216 2302 quando
1250 2246 1422 2301 poetica
1454 2248 1595 2303 surgit

419 2319 698 2378 Tempestas.
763 2321 914 2364 Genus
940 2338 1039 2366 ecce
1065 2322 1184 2365 aliud
1211 2323 1500 2367 discriminis:
1524 2326 1624 2366 audi

421 2397 478 2440 Et
499 2401 706 2442 miserere
723 2402 899 2453 iterum,
920 2415 1181 2458 quamquam
1202 2404 1290 2443 sint
1306 2410 1452 2443 cetera
1468 2403 1598 2443 sortis

423 2475 656 2519 Eiusdem:
687 2492 788 2535 pars
808 2478 903 2520 dira
923 2480 1111 2535 quidem,
1128 2479 1203 2520 sed
1226 2481 1402 2536 cognita
1419 2478 1568 2522 multis

424 2553 481 2596 Et
514 2570 644 2612 quam
678 2555 828 2599 votiva
857 2565 1074 2602 testantur
1104 2558 1207 2601 fana
1238 2557 1403 2601 tabella

426 2632 638 2681 Plurima.

185 2751 216 2792 ¹)
245 2749 511 2794 [Heinrichius
536 2757 708 2788 enarrat:
753 2754 792 2788 A
827 2753 995 2799 pristina
1031 2754 1172 2790 virtute
1213 2755 1268 2789 ad
1307 2755 1406 2790 hane
1433 2754 1628 2801 infamiam

252 2811 339 2846 duci
374 2806 441 2848 hos
477 2815 658 2859 ραείηιην,
708 2813 787 2850 Nec
828 2816 920 2851 illuc
956 2820 1015 2851 ost
1054 2818 1125 2852 huc
1160 2827 1286 2866 neque
1311 2817 1547 2853 traducimur
1574 2817 1629 2851 sic

252 2871 329 2908 dici
354 2874 508 2921 potuit]
