1821 3309
310 191 409 240 218

380 333 649 381 Discrimen
687 334 944 381 formarum
977 343 1159 382 [conatus
1194 353 1296 382 sum
1331 342 1377 382 et
1407 342 1588 382 annulus
1619 335 1697 399 sai

308 443 332 470 a
370 424 606 472 veteribus
641 433 685 472 et
722 425 860 472 honis
896 425 1210 490 scriptoribus
1248 425 1624 473 constantissime

379 524 626 563 servatum.
700 517 917 564 Praesens
953 536 1039 582 pro
1076 518 1287 581 perfecto
1327 518 1492 565 durius
1527 534 1551 562 a

766 611 918 673 poetis
941 611 1161 674 positum.

347 719 535 762 Multum
579 723 814 773 interesse,
856 733 995 764 utrum
1041 730 1226 764 amalum
1270 722 1459 777 aliquem
1503 734 1594 761 esse
1633 735 1686 761 an

221 799 374 849 ,fecisse
416 801 609 842 dicamus
633 833 647 851 ‚
675 817 850 853 *omnes
895 803 1049 843 docent
1075 804 1130 856 ¹);
1191 811 1340 843 contra
1389 806 1558 842 amatus
1589 798 1687 850 fui,

235 882 468 921 indicativo
498 882 638 931 modo,
673 881 726 922 ab
759 897 825 932 eo,
857 883 966 937 quod
1005 891 1070 922 est
1101 888 1269 922 anzalecs
1299 895 1405 933 snm,
1435 879 1509 921 alii
1543 893 1686 934 gram-

234 962 377 1001 matici
400 962 461 1001 sic
484 961 753 1016 disiungunt,
784 971 827 1001 ut
853 962 1081 1002 discrimen
1106 971 1360 1016 perpetuum
1389 974 1487 1001 esse
1512 966 1688 1014 negent,

233 1039 352 1081 velut
392 1037 653 1080 Billrothius
697 1056 737 1095 p.
770 1041 868 1090 293,
909 1039 985 1080 alii
1017 1055 1193 1094 prorsus
1227 1040 1336 1081 illud
1369 1054 1445 1096 pro
1487 1039 1570 1080 hoc
1599 1038 1684 1078 dici

229 1127 438 1167 statuunt,
469 1127 513 1158 ut
544 1118 772 1173 Zumptius
802 1121 824 1169 ξ
857 1121 937 1158 168
963 1128 1004 1158 et
1035 1123 1058 1170 ξ
1085 1121 1189 1167 4953
1221 1134 1299 1160 nec
1328 1119 1457 1160 aliter
1486 1127 1682 1158 veterum

228 1200 484 1253 scriptorum
517 1197 704 1237 editores
742 1199 948 1247 iudicant,
982 1200 1132 1253 partim
1170 1200 1331 1254 apertis
1365 1197 1526 1248 verbis,
1561 1195 1682 1237 velut

228 1275 510 1318 Heindorfius
551 1276 602 1315 ad
645 1275 817 1316 Horatii
863 1278 993 1318 Satir.
1035 1277 1071 1328 I,
1114 1280 1155 1327 6,
1198 1279 1265 1328 13,
1300 1278 1456 1333 partim
1490 1275 1682 1325 silentio,

227 1355 439 1396 eiusmodi
470 1356 725 1409 scripturam
767 1355 1018 1405 tolerantes,
1052 1358 1094 1395 in
1127 1371 1210 1411 qua
1240 1358 1301 1397 ita
1331 1358 1463 1397 statui
1504 1369 1680 1396 necesse

225 1438 292 1476 sit.

239 2807 267 2840 ‘i

353 1435 481 1489 Apud
519 1448 593 1474 eos
627 1449 812 1490 quoque,
861 1436 951 1490 qui,
999 1444 1043 1475 ut
1073 1434 1230 1476 Latine
1264 1435 1470 1486 scribant,
1504 1450 1677 1491 operam

314 1627 549 1675 reliquorum
576 1627 817 1671 dissimilem)
844 1628 886 1661 in
914 1627 1058 1663 llistor.
1086 1628 1134 1670 ΙΙ,
1161 1632 1216 1670 18,
1242 1629 1322 1671 ubi,
1347 1630 1518 1666 reductis
1543 1632 1679 1666 veteri-

311 1690 382 1723 bus
413 1689 605 1731 sordibus,
632 1690 769 1723 edunt:
798 1691 1085 1725 Providentiam
1110 1694 1216 1727 ducis
1244 1694 1429 1727 landari?
1453 1695 1543 1742 quin
1566 1695 1681 1740 prodi

316 1753 499 1786 Othonem
526 1758 560 1786 el
588 1754 747 1786 accitum
779 1753 964 1786 Coecinum
984 1754 1243 1790 clamitabant.
1303 1754 1435 1801 Neque
1459 1753 1585 1787 omitti
1611 1751 1675 1787 hic

310 1813 573 1857 interrogandi
608 1813 797 1859 particula
825 1819 999 1861 poterat,
1035 1827 1106 1849 nee
1133 1816 1335 1863 quisquam
1372 1816 1418 1849 ab
1456 1815 1674 1850 huiusmodi

312 1875 613 1920 interrogatione
648 1887 758 1908 orsus
799 1881 880 1917 est,
927 1889 1042 1924 quum
1067 1879 1240 1924 proxime
1267 1878 1507 1912 infinitivum
1534 1882 1571 1912 et
1596 1888 1675 1911 ver-

309 1938 401 1971 bum
429 1949 563 1983 regens
592 1939 879 1982 (clamitabant)
908 1940 1128 1981 suhiieeret,
1153 1951 1237 1980 nee,
1276 1940 1342 1987 qui
1367 1944 1564 1986 negarent,
1595 1939 1671 1973 lau-

309 2000 469 2034 dandam
503 2011 586 2033 esse
623 1999 731 2033 ducis
769 2002 1071 2046 providentiam,
1105 2002 1161 2036 sie
1186 2002 1490 2047 interrogarent}
1521 2003 1672 2036 Lauda—

310 2068 421 2096 turne
450 2062 506 2105 (id
533 2066 590 2095 est
615 2062 732 2095 enim:
761 2062 963 2104 laudm-H)
999 2061 1084 2094 sed:
1111 2062 1311 2095 Laudetne
1336 2063 1565 2108 quisquam?
1588 2072 1672 2102 nec,

311 2123 414 2170 quod
441 2128 555 2169 eaput
584 2128 653 2163 est,
680 2123 885 2169 quicquam
911 2121 957 2154 ad
983 2123 1212 2155 sententiam
1236 2122 1443 2155 absurdius
1470 2134 1581 2168 quam
1607 2121 1671 2156 hic

308 2191 373 2219 aut
400 2184 575 2218 tribunos
603 2184 924 2229 centurionesque
950 2183 1229 2229 providentiam
1251 2183 1359 2216 ducis
1386 2182 1586 2217 laudantes
1614 2183 1667 2217 in-

307 2247 395 2281 duei
421 2250 487 2280 aut
512 2246 655 2280 milites
684 2257 763 2279 eam
789 2245 938 2279 laudern
965 2257 1042 2278 non
1067 2245 1247 2279 ferentes.
1313 2244 1489 2278 Ruebant
1525 2244 1666 2279 milites

304 2311 344 2343 in
377 2309 549 2348 hostem,
601 2309 907 2354 retinentemque
951 2306 1086 2341 ducem
1127 2306 1367 2352 proditorem
1409 2306 1666 2354 appellabant.

305 2371 448 2405 Contra
484 2370 550 2404 uhi
586 2370 818 2404 describitur
852 2369 1090 2415 poenitentia
1126 2368 1292 2402 militum
1327 2381 1396 2403 suo
1425 2369 1665 2405 incommodo

306 2433 599 2473 admonitoruni,
624 2433 679 2466 ibi
706 2444 794 2466 vcro
822 2436 924 2466 recte
949 2431 1015 2464 illa
1041 2430 1293 2476 providentiae
1318 2431 1488 2466 laudatio
1507 2445 1664 2468 conunc-

305 2500 484 2530 moratur.
548 2495 725 2538 [Prorsus
759 2505 936 2541 perverse
970 2492 1040 2526 liae
1068 2492 1187 2526 forma
1215 2493 1427 2528 abutuntur
1451 2495 1603 2541 quidam
1629 2495 1669 2529 in

304 2559 505 2592 Ciceronis
539 2558 660 2591 Bruto
695 2560 716 2599 S
741 2561 829 2596 196,
874 2561 917 2590 ut
951 2555 1159 2590 defendant
1193 2555 1380 2590 librorum
1417 2556 1665 2602 scripturam:

309 2632 418 2666 quam
453 2622 659 2665 captiosum
695 2632 773 2654 esse
791 2621 929 2664 populo
957 2623 1026 2652 ete.
1092 2617 1177 2651 Non
1209 2618 1333 2652 oratio
1367 2618 1449 2664 ipsa
1483 2622 1520 2651 et
1553 2617 1665 2651 verba

304 2681 480 2722 Scaevolae
501 2684 553 2717 ibi
581 2685 806 2724 redduntur,
829 2682 897 2716 sed
912 2681 1116 2721 indicatur,
1142 2679 1188 2712 de
1205 2679 1344 2725 quibus
1370 2679 1484 2713 rebus
1510 2678 1660 2714 dixerit.

304 2742 521 2789 quibusque
546 2746 779 2791 argumentis
809 2757 901 2778 usus
932 2744 1010 2788 sit]

304 2804 422 2849 lvelut
455 2805 496 2838 in
531 2812 623 2841 noto
659 2808 743 2842 loeo
774 2806 960 2841 orationis
997 2804 1256 2839 Ciceroniana!
1293 2803 1339 2837 de
1376 2802 1464 2849 imp.
1491 2802 1659 2850 Pompeii

302 2869 323 2909 §
348 2871 410 2900 20:
447 2871 575 2912 copias
610 2875 768 2904 ornatas
800 2869 922 2912 fuisse
958 2887 1000 2894 —
1045 2867 1167 2901 urbem
1205 2867 1390 2901 obsessam
1425 2878 1513 2902 csse.
1575 2866 1660 2901 Non
