1821 3309
225 191 294 242 72

155 345 284 375 ausos
315 330 619 379 indicaverim,
650 337 721 380 ut,
752 341 882 384 quum
915 339 1084 368 amasso
1117 326 1328 368 haberent
1363 327 1415 369 ad
1445 328 1630 371 formam

156 409 300 451 simile
335 411 458 459 eius,
506 408 620 465 quod
661 416 727 449 est
768 401 972 465 γελάσω,
1015 407 1229 462 siquando
1263 405 1482 448 obiectum
1515 417 1632 449 esset

157 489 349 530 futurum
382 488 594 529 infinitivi
627 486 787 538 Graeci,
820 495 1040 526 tentarent
1072 487 1173 541 ipsi,
1206 485 1329 526 nullo
1361 485 1514 542 populi
1549 500 1630 528 usu

157 569 323 618 adiuti,
358 576 595 623 possentne
627 566 806 608 brevius
841 565 985 607 dicere
1023 579 1153 620 quam
1188 570 1431 606 amaturum
1465 579 1559 606 esse
1589 575 1632 607 et

157 647 209 688 ad
242 661 418 687 versum
451 648 622 701 aptius,
665 658 896 686 amassere.
983 644 1151 685 Verum
1184 644 1226 684 id
1256 658 1342 684 non
1374 652 1632 695 tentassent,

157 727 193 766 si
225 739 393 777 amasso
425 725 660 780 quidquam
691 726 735 764 in
770 738 816 763 se
849 722 1077 763 habuisset
1108 736 1166 762 ex
1201 724 1422 777 praeterito
1440 723 1492 777 ¹).

269 803 383 845 Illuc
416 804 551 859 igitur
580 810 880 852 revertamur,
911 800 1038 851 faxo
1077 809 1120 841 et
1151 812 1320 841 amasso
1353 801 1502 843 futura
1535 815 1632 843 esse

159 892 347 934 vetusta,
378 897 457 924 nec
492 881 727 938 quidquam
762 881 971 936 primario
1004 892 1084 920 usu
1115 879 1166 921 ad
1205 881 1470 936 praeteritum
1500 881 1634 936 perti-

190 1125 218 1166 ¹]
257 1122 342 1156 lloc
379 1122 465 1156 loeo
502 1121 673 1155 breviter
710 1119 1038 1154 commemoranda
1084 1120 1240 1155 videtur
1281 1121 1343 1155 Fr.
1383 1119 1634 1154 Lindcnmnni

256 1183 468 1225 sententia,
506 1193 555 1216 ne
591 1181 684 1228 quid
709 1182 994 1227 protei-misisse
1021 1181 1176 1223 videar,
1212 1181 1315 1228 quod
1342 1180 1389 1215 ad
1416 1193 1495 1215 rem
1519 1182 1635 1228 pcrti-

254 1245 395 1279 nuerit.
454 1244 531 1278 Sed
567 1255 609 1277 ca
645 1243 794 1284 minus,
840 1256 951 1290 quam
978 1244 1135 1285 vellem,
1170 1243 1412 1278 considerate
1437 1243 1634 1290 proposita

253 1311 310 1339 cst
337 1305 400 1349 (ad
427 1305 574 1352 captiv.
604 1308 637 1345 1,
663 1308 698 1345 2,
724 1306 768 1337 43
797 1304 854 1338 cd.
889 1308 1011 1349 1819).
1084 1305 1202 1339 Putat
1229 1305 1330 1339 enim
1355 1306 1486 1351 faxis,
1515 1307 1634 1341 adax-

256 1368 329 1407 int,
359 1368 566 1406 exstinxit,
594 1367 784 1412 resy›c.x·2's‚
813 1369 996 1407 amussis,
1023 1369 1214 1408 curusst's,
1251 1368 1438 1414 ticqstssirn
1465 1367 1636 1413 perfecta

203 1448 206 1449 ν
257 1439 353 1469 csse,
382 1440 464 1475 quae
492 1433 618 1462 tamen
645 1439 723 1461 non
750 1439 835 1461 raro
862 1433 998 1462 natura
1023 1440 1103 1470 sua,
1126 1434 1170 1462 ut
1189 1429 1316 1462 omnia
1334 1428 1520 1474 perfecta,
1542 1441 1635 1475 prae-

255 1489 373 1524 sentis
410 1489 608 1524 notionem
644 1488 872 1524 adsciscant.
925 1489 1010 1523 lloc
1040 1489 1086 1523 de
1125 1489 1303 1523 omnibus
1334 1489 1518 1535 perfectis
1542 1489 1636 1525 mihi

255 1552 428 1597 ignotum
466 1556 569 1592 erat;
616 1562 811 1597 nunquam
849 1549 948 1583 enim
987 1552 1125 1596 scripsi
1149 1563 1216 1598 pro
1244 1556 1434 1598 praescnte
1458 1551 1638 1597 legeram,

253 1624 323 1647 nec
358 1613 493 1659 ignoro
533 1618 657 1647 tamen
692 1615 893 1659 poctarum
930 1617 967 1646 ct
1000 1613 1239 1658 quorundam
1274 1613 1473 1647 insci-ioris
1513 1614 1636 1649 aetatis

255 1675 488 1721 scriptorum
524 1687 668 1709 morem
707 1674 771 1715 id2
810 1673 914 1720 quod
939 1686 1038 1720 sche
1064 1675 1209 1708 factum
1237 1675 1289 1709 sit
1313 1675 1477 1722 fierique
1504 1675 1639 1718 soleat,

254 1736 426 1781 perfecto
462 1736 663 1770 indicativi
700 1734 896 1769 interdum
931 1736 1199 1780 significandi,
1243 1749 1361 1782 quum
1390 1749 1470 1772 rom
1497 1738 1637 1773 factam

253 1809 322 1843 pro
343 1797 624 1831 consuetudine
642 1796 888 1831 substituant.
940 1796 1091 1830 Deinde
1110 1809 1188 1830 non
1211 1810 1308 1842 slepe
1323 1798 1381 1832 hae
1398 1799 1531 1833 formae
1543 1811 1636 1846 proe-

255 1859 374 1893 sentis
399 1859 500 1902 (sive
526 1858 670 1903 futuri)
697 1857 895 1892 notionem
921 1856 1077 1899 hahent,
1104 1858 1171 1892 scd
1196 1871 1357 1905 semper,
1389 1871 1517 1894 voram
1542 1872 1635 1907 prae-

257 1919 385 1961 ceriti,
420 1925 463 1954 ut
490 1920 592 1961 dixi,
627 1931 836 1966 nunquam,
897 1919 993 1953 Tum
1021 1921 1305 1955 Limlcmannus
1347 1921 1446 1956 alius
1483 1923 1636 1968 generis

253 1981 335 2015 vult
362 1993 445 2016 esse
470 1982 601 2016 futura
628 1994 801 2021 amasso,
829 1994 965 2026 capso,
992 1982 1174 2016 liberasso
1214 1981 1306 2026 (hoc
1347 1988 1427 2025 cst,
1466 1983 1637 2026 illorum,

256 2054 338 2089 quae
375 2043 548 2089 perfecta
581 2043 820 2090 appellabat,
862 2042 1094 2077 indicativus
1145 2048 1211 2076 aut
1244 2044 1386 2089 primas
1420 2047 1638 2091 personas),

256 2114 374 2149 caque
401 2110 596 2151 comparat
624 2117 711 2138 cum
738 2106 946 2150 imipesso,
982 2104 1082 2150 quod
1111 2104 1288 2140 futurum
1315 2117 1399 2140 csse
1424 2105 1532 2148 vult,
1559 2106 1636 2141 for—

254 2175 352 2197 mam
388 2165 501 2198 etiam
535 2165 702 2212 aliquam
728 2166 812 2211 ipse
841 2164 990 2209 fingens
1018 2167 1255 2211 ins-e'pessim,
1298 2179 1411 2213 quam
1437 2179 1507 2213 pro
1537 2169 1635 2202 ince-

251 2227 347 2270 psim
387 2237 471 2260 esse
504 2225 609 2259 dicit.
679 2227 732 2259 At
758 2238 944 2272 nusquam
972 2231 1052 2267 cst3
1103 2231 1141 2261 et
1168 2227 1436 2269 obliviscitur,
1462 2229 1509 2263 ad
1534 2229 1634 2276 quod

254 2285 432 2331 lljortius
457 2299 493 2333 p.
520 2290 588 2322 132
613 2287 791 2328 attondit,
814 2289 1008 2332 incipessis
1035 2287 1095 2322 bis
1122 2289 1222 2335 apud
1251 2289 1428 2323 Plautum
1455 2302 1541 2324 cum
1557 2291 1634 2324 alio

253 2353 442 2393 praesente
478 2348 685 2393 coniungi,
725 2350 950 2393 incipcssam
989 2362 1075 2383 cum
1112 2349 1244 2384 futuro
1295 2352 1516 2393 (instituam
1548 2350 1631 2385 Mil.

254 2407 352 2454 glor.
369 2409 464 2450 11‚2‚
481 2412 568 2451 82);
597 2408 842 2443 obliviscitur
867 2410 1032 2457 denique
1057 2411 1195 2445 similis
1221 2412 1329 2446 verbi
1344 2418 1491 2457 petesso
1514 2411 1635 2458 (apud

253 2468 423 2511 Festum,
447 2470 681 2512 Lucretium,
707 2470 934 2505 Ciceronem
960 2472 1104 2518 ipsum)
1131 2473 1412 2520 compositique
1429 2480 1636 2519 expetesso,

252 2541 299 2565 ne
322 2530 474 2575 facesso
502 2536 539 2565 ct
563 2545 720 2578 capesso
748 2544 1052 2572 commemorem.
1116 2535 1251 2582 Itaque
1275 2536 1546 2582 imperativum
1574 2534 1633 2568 fu-

254 2591 343 2632 turi,
372 2604 497 2638 quem,
521 2593 706 2640 quicquid
722 2593 864 2635 dicant,
890 2595 1027 2641 priscae
1053 2595 1195 2641 linguae
1216 2595 1489 2630 vindicandum
1509 2600 1633 2642 putat,

250 2662 329 2685 non
366 2651 593 2688 habebimus
633 2656 818 2700 inc1'pesse
854 2656 1022 2702 (captiv.
1050 2656 1107 2702 11,
1138 2660 1179 2697 1,
1211 2658 1289 2700 19).
1337 2655 1444 2690 Nihil
1470 2656 1632 2692 interec-

251 2710 348 2753 dam,
375 2713 406 2745 si
437 2714 522 2759 quis
550 2715 677 2758 dicat,
701 2716 740 2750 id
768 2716 1020 2758 elementum,
1050 2717 1151 2764 quod
1175 2717 1216 2751 in
1243 2716 1305 2751 his
1330 2717 1459 2751 verbis
1486 2717 1629 2763 fingen-

249 2772 308 2806 dis
334 2772 468 2807 radici.
482 2775 673 2811 adiectum
699 2778 773 2818 sit,
811 2782 927 2824 atque
953 2778 1013 2817 id,
1049 2789 1124 2825 quo
1152 2783 1262 2813 vetus
1289 2778 1462 2814 futurum
1494 2779 1630 2814 forma·

251 2837 331 2867 tum
357 2834 420 2868 sit.
450 2842 621 2881 cognata:
650 2849 733 2872 esse
759 2839 931 2884 originis.
