1821 3309
316 187 411 238 190

242 334 394 385 capum
427 328 520 383 (cfr.
552 325 641 369 ibd.
665 325 724 378 11,
753 327 797 377 5,
828 329 851 368 1
887 334 930 368 et
959 328 1012 369 2:
1051 325 1214 369 Nullus
1248 340 1368 369 amor
1405 332 1524 370 tanti
1561 335 1629 373 eet
1646 353 1715 383 -,

240 414 291 450 ut
318 406 427 449 milei
463 411 554 449 sent
591 410 722 448 toties
752 409 947 448 maxima
978 411 1082 447 vola
1115 406 1275 456 morc');
1312 406 1480 449 Lucan.
1512 407 1713 452 Pharsal-

241 486 323 539 ΙΙΙ,
345 488 422 529 51;
441 500 521 528 nec
545 490 722 528 vincere
738 490 871 536 tanti,
893 491 945 527 ut
966 484 1122 527 bellum
1144 485 1366 539 dfferret,
1391 492 1491 529 erat
1511 489 1660 544 (viro).
1679 489 1716 542 ¹)

238 566 356 607 Hinc
395 580 544 622 porro,
591 567 753 607 omisso
798 571 848 607 nt
879 558 929 607 et*
957 574 1087 607 certae
1128 566 1193 607 rei
1228 564 1574 621 significatione,
1618 582 1715 625 quae

241 646 406 700 suscipi
456 653 634 701 propter
677 644 843 701 aliquid
888 644 1116 696 debuerit,
1166 659 1246 687 nec
1289 660 1506 702 expressa
1559 660 1613 688 ea
1654 661 1719 699 re,

242 733 422 780 propter
464 738 595 780 quam
635 725 800 780 suscipi
844 724 1072 776 debuerit,
1113 724 1227 764 nude
1272 727 1391 765 tanti
1433 730 1501 766 est
1541 724 1719 778 dicitur,

243 818 376 860 quum
420 801 751 858 significamus,
785 803 854 853 id,
901 804 954 844 de
996 817 1080 859 quo
1118 802 1368 859 loquamur,
1399 802 1545 846 facere
1575 792 1719 860 operae

180 912 185 915 -
242 884 432 939 pretium
473 897 585 933 esse,
628 884 739 924 tanti
771 897 869 924 esse
903 898 1012 935 rem,
1054 891 1103 923 ut
1133 882 1307 937 agenda
1340 883 1414 932 sit,
1449 881 1574 924 velut
1603 883 1719 939 apud

244 961 503 1004 Ciceronem
534 963 580 1003 in
611 962 742 1004 Verr.
774 961 855 1014 IV,
890 965 959 1015 11,
993 964 1070 1004 28:
1104 960 1216 1006 Fuit
1242 965 1373 1012 tanti,
1419 960 1530 1003 milti
1557 961 1718 1004 crede:

189 1077 195 1079 Α
243 1040 440 1092 haberes,
483 1041 599 1096 qnod
643 1040 922 1091 defenderes.
983 1041 1143 1098 Operae
1190 1042 1380 1096 pretium
1424 1042 1486 1082 ait
1524 1042 1720 1083 futurum

244 1121 381 1162 fuisse
413 1122 456 1161 in
482 1119 656 1161 tabulas
684 1135 774 1160 rem
807 1120 972 1161 referre
1009 1129 1051 1161 et
1077 1119 1313 1161 utilitatem
1345 1120 1388 1160 id
1420 1121 1472 1175 ad
1499 1100 1722 1163 defensio-

245 1214 344 1241 nem
367 1198 618 1240 habiturum
641 1199 794 1241 fuisse.
854 1199 1052 1255 Apparet
1073 1199 1143 1240 hic
1166 1201 1254 1240 iam
1280 1200 1490 1241 transitus
1516 1201 1560 1240 in
1587 1199 1721 1242 aliam

244 1277 614 1335 significationem
645 1285 686 1317 et
713 1291 836 1332 paene
863 1278 948 1318 iam
967 1278 1108 1318 factus
1135 1287 1218 1328 est,
1243 1280 1329 1320 nisi
1353 1278 1468 1334 quod
1489 1277 1722 1321 obscurum

244 1365 311 1398 est
352 1355 477 1397 verbi
522 1353 783 1397 subiectum.
851 1355 964 1397 Nam
1007 1371 1138 1412 quum
1181 1357 1267 1398 dici
1306 1359 1482 1412 proprie
1525 1358 1721 1410 deberet,
1783 1367 1797 1371 ”

244 1436 448 1488 effectum
482 1427 679 1476 'actionis
712 1437 822 1476 tanti
857 1450 972 1487 esse,
1003 1444 1052 1476 ut
1085 1439 1204 1477 actio
1234 1444 1414 1492 propter
1446 1450 1546 1478 eum
1580 1438 1720 1480 susci-

244 1515 406 1570 pienda
436 1522 568 1566 esset,
610 1514 768 1556 dicitur
815 1515 909 1556 fere
952 1518 1067 1556 aetio
1098 1519 1198 1570 ipsa
1232 1529 1329 1557 esse
1365 1517 1506 1566 tanti;
1542 1530 1642 1557 nam
1676 1517 1720 1558 in

245 1594 324 1636 illa
351 1594 569 1635 brevitate
595 1593 770 1635 facilius
796 1594 839 1635 id
863 1593 1108 1636 subiectum
1138 1594 1382 1651 suppletur.
1448 1592 1585 1649 (Fuit
1605 1598 1725 1636 tanti

244 1674 294 1715 id
310 1673 492 1726 facere,
528 1687 639 1715 non:
671 1672 971 1724 defensionem
1003 1673 1178 1725 habere,
1219 1679 1271 1715 ut
1291 1679 1531 1729 propterea
1549 1672 1718 1724 facere

246 1752 483 1808 debueris.)
545 1751 709 1794 Contra
751 1762 898 1793 manet
940 1755 1082 1808 magis
1124 1754 1168 1793 in
1201 1754 1343 1808 prima
1373 1751 1717 1808 significatione,

248 1832 361 1888 quod
405 1831 541 1872 simili
587 1830 806 1872 brevitate
849 1832 1030 1873 diciturz
1074 1830 1208 1872 Nihil
1249 1836 1315 1872 est
1353 1834 1484 1883 tanti,
1524 1831 1608 1874 hoc
1637 1841 1720 1885 est,

246 1911 357 1952 nihil
390 1909 522 1951 habet
554 1918 719 1951 tantum
747 1912 952 1966 pretium,
986 1918 1034 1950 ut
1056 1910 1293 1951 curandum
1319 1917 1362 1950 et
1393 1908 1558 1966 aliquid
1586 1925 1721 1967 agen-

247 1992 348 2032 dum
385 1991 457 2041 sit,
486 2004 572 2030 non
607 2004 727 2041 curo,
759 1989 871 2030 nihil
903 1991 965 2031 ita
997 2004 1094 2030 mea
1127 1988 1277 2040 refert,
1312 1997 1360 2029 ut
1392 2003 1524 2045 agere
1556 1989 1723 2046 aliquid

250 2069 397 2110 velim.
459 2068 610 2110 Minus
655 2078 771 2109 recte
816 2068 1100 2109 Tui-sellinus
1135 2067 1228 2108 vult
1263 2081 1383 2108 esse:
1430 2068 1542 2109 ”non
1583 2083 1723 2124 expe-

248 2148 364 2198 ‹lit'';
396 2146 527 2202 paulo
560 2146 743 2188 melius:
782 2148 892 2188 ”non
926 2148 1035 2188 tanti
1061 2146 1309 2187 faciendum
1342 2146 1449 2187 est’'.
1516 2144 1608 2187 Ter
1638 2145 1722 2190 hoc

248 2225 404 2268 Cicero
449 2227 494 2266 in
536 2223 746 2266 familiari
790 2240 993 2266 sermone
1035 2227 1198 2280 posuit,
1241 2225 1297 2266 ad
1327 2224 1524 2266 Atticum
1553 2223 1612 2277 ΙῘ,
1642 2227 1720 2269 13:

248 2299 428 2348 [ut-ains
460 2304 546 2345 tibi·
572 2319 744 2359 possum
779 2305 942 2356 dicere,
972 2304 1088 2346 nihil
1115 2317 1208 2345 esse
1242 2307 1384 2351 tanle'3
1427 2302 1487 2353 V,
1519 2305 1550 2344 8
1582 2313 1720 2350 extr.:

247 2383 382 2426 Nihil
428 2383 552 2424 nobis
588 2383 743 2428 fuerat
783 2388 924 2432 uento,
945 2384 982 2438 2)
1025 2382 1156 2435 XIII,
1189 2384 1268 2425 42:
1306 2381 1442 2423 IVzmc
1475 2381 1591 2424 nihil
1617 2381 1725 2424 mihi

247 2467 366 2505 {anti
389 2469 466 2504 est.
524 2461 727 2514 Factam,
754 2463 871 2518 quod
892 2465 1057 2505 volunt.
1106 2461 1278 2517 (Verba
1302 2468 1404 2503 sunt
1417 2460 1574 2511 Quinti
1597 2460 1721 2504 Cice-

280 2625 308 2665 1)
335 2621 460 2655 Huius
488 2634 582 2656 usus
610 2622 767 2657 inflexio
798 2622 970 2670 quaedam
997 2626 1054 2655 est
1083 2621 1183 2667 apud
1217 2620 1427 2667 Virgilium
1461 2619 1505 2654 in
1529 2619 1622 2663 AEn.
1645 2619 1717 2662 111,

343 2686 424 2725 453,
451 2684 497 2718 dc
523 2685 579 2718 rei
605 2684 857 2719 incommodae
882 2684 920 2718 vi
950 2688 988 2717 et
1015 2688 1208 2718 momento
1238 2682 1286 2717 ad
1311 2679 1605 2719 retardandumz
1645 2683 1719 2718 llic

343 2745 415 2779 tibi
446 2758 492 2779 ne
518 2759 593 2793 qua
619 2759 729 2781 moroe
751 2747 901 2791 fuerint
929 2747 1133 2792 dispendia
1159 2746 1274 2784 tanti,
1303 2745 1394 2793 quin
1429 2744 1549 2778 adeas
1583 2750 1720 2780 vatem.

273 2806 308 2851 2)
334 2805 436 2841 Male
462 2805 637 2842 Graevius
654 2813 691 2842 et
709 2807 879 2842 Orellius
894 2808 1025 2853 fuerit.
1067 2807 1153 2842 Hoc
1170 2806 1307 2841 Cicero
1327 2805 1438 2840 dicit:
1462 2805 1575 2847 Tum,
1602 2817 1720 2853 quum

343 2879 403 2903 res
424 2872 508 2903 acta
527 2875 597 2911 ast,
619 2874 742 2905 totum
754 2870 950 2917 negotium
964 2881 1042 2905 non
1053 2879 1274 2904 curaveram
1287 2879 1358 2903 nec
1368 2867 1719 2906 animadverteram.
