1821 3309
298 194 401 244 202

228 350 411 378 avarum
438 334 661 376 hominem
695 340 901 390 tanquam
932 333 1050 390 frugi
1081 333 1303 377 laudantis
1335 337 1520 387 notavit,
1549 334 1602 377 ad
1623 333 1705 376 hoc

224 417 436 458 iudicium
466 423 613 471 patres
645 416 690 455 in
723 413 915 455 filiorum
947 415 1141 469 ingeniis
1170 415 1413 458 formandis
1448 430 1497 458 se
1529 429 1703 458 accom-

226 496 404 537 modare
436 495 627 537 ostendit
658 495 727 536 his
761 494 961 536 versibus
995 494 1095 549 (119
1125 496 1265 551 sqq.):

494 576 551 617 Et
582 584 707 632 pater
739 590 845 632 ergo
878 576 1014 616 animi
1048 573 1198 616 felices
1230 575 1368 616 credit
1402 589 1577 626 avaros,

493 655 583 705 Qui
613 658 796 696 miratur
828 669 951 711 opes,
984 655 1057 710 qni
1089 653 1212 695 nulla
1244 654 1454 711 exempla
1481 654 1601 695 beati

491 734 707 790 Pauperis
730 748 826 775 esse
853 741 1006 789 putat‚·
1041 734 1226 775 iuvenes
1260 733 1476 785 hortatur,
1506 742 1554 774 ut
1576 731 1699 774 illam

492 812 562 855 Ire
597 815 712 855 viam
744 821 931 869 pergant
962 821 1005 853 et
1034 812 1175 853 eidem
1207 812 1461 854 incumbere
1495 821 1642 853 sectae.

220 892 436 933 Perverse
463 892 576 934 idem
599 893 703 934 dicit
728 894 770 933 in
793 891 980 934 relativa
1002 892 1238 941 sententia,
1262 892 1385 948 quod*
1402 895 1445 933 in
1469 892 1699 948 primaria;

220 971 449 1012 ferendum
483 981 624 1021 esset,
667 973 702 1012 si
736 980 866 1027 poeta
897 986 988 1012 rem
1026 970 1173 1012 verbis
1205 970 1482 1026 amplificans
1517 970 1610 1012 haec
1638 971 1701 1011 ita

221 1051 552 1092 coniunxisset:
590 1050 793 1092 ''Avaros
821 1049 975 1091 felices
1000 1051 1152 1099 credit,
1175 1064 1280 1106 opes
1304 1052 1502 1101 miratur,
1534 1062 1699 1106 paupe·

219 1143 311 1170 rem
335 1128 510 1169 beatum
536 1130 753 1170 neminem
777 1130 950 1183 putat'’;
983 1143 1098 1169 nunc
1129 1130 1252 1184 quasi
1285 1128 1562 1179 definiturus,
1589 1141 1695 1183 qua-

218 1207 274 1250 lis
309 1217 433 1263 pater
465 1223 623 1249 avaros
655 1208 808 1249 felices
841 1214 977 1260 putet,
1014 1206 1124 1247 nihil
1155 1206 1275 1247 aliud
1309 1206 1429 1259 dicit,
1472 1208 1558 1248 nisi
1594 1220 1693 1248 eum

217 1286 261 1326 id
296 1286 516 1337 iudicare,
571 1288 645 1342 qui
678 1288 739 1328 ita
773 1286 948 1326 iudicet.
1014 1284 1161 1340 Atque
1206 1284 1298 1327 haec
1329 1300 1435 1327 sane
1478 1286 1696 1341 scriptura

217 1364 450 1405 Pithoeani
480 1364 642 1406 codicis
673 1364 933 1405 auctoritate
969 1362 1142 1404 videtur
1174 1362 1425 1405 confirmari
1456 1373 1499 1405 et
1529 1365 1694 1406 veteris

217 1443 374 1484 scholii
410 1444 472 1496 (in
512 1457 596 1499 quo
631 1442 722 1483 haec
763 1440 927 1484 verba:
971 1445 1049 1496 qni
1084 1445 1270 1484 miratur
1314 1456 1416 1497 opes
1458 1444 1522 1484 sic
1568 1456 1696 1483 enar-

217 1530 397 1563 rantur:
430 1525 509 1578 qui
522 1524 792 1577 patrimonio
817 1527 861 1562 et
879 1521 1052 1562 devitiis
1069 1521 1285 1576 gaudet),·
1310 1521 1387 1562 sed
1412 1520 1574 1577 reliqui
1600 1521 1694 1563 fere

216 1601 411 1652 codices,
455 1600 729 1641 parisienses
764 1600 938 1656 quidem
971 1614 1123 1642 omnes
1160 1599 1317 1657 [etiam
1353 1600 1439 1642 duo
1468 1599 1616 1641 Haun.
1647 1600 1693 1641 in

215 1679 321 1721 bibl.
351 1694 445 1736 reg.
473 1694 516 1720 n.
545 1681 658 1721 2030
689 1688 731 1720 et
756 1678 908 1736 2033J,
952 1678 1116 1721 habere
1158 1680 1362 1722 dicuntur
1403 1682 1691 1720 mirantur-

207 1757 714 1812 putant—hortantum
750 1767 793 1800 et
817 1758 900 1800 hoc
914 1758 1088 1814 quidem
1113 1766 1384 1814 postremum
1412 1757 1573 1799 falsum
1599 1766 1692 1807 est;
1718 1784 1720 1786 -

212 1836 291 1879 illa
312 1838 397 1878 duo
423 1838 684 1886 rectissima,
707 1846 754 1878 ut
777 1835 1232 1888 avaridescribantur‚
1258 1850 1366 1891 quos
1390 1836 1541 1877 felices
1565 1845 1690 1892 pater

213 1916 376 1967 credat,
411 1929 592 1972 quorum
626 1924 789 1957 sectam
823 1914 942 1957 filios
974 1917 1098 1971 sequi
1130 1914 1254 1956 velit.
1331 1915 1387 1956 Et
1417 1916 1480 1956 sic
1510 1928 1690 1971 prorsus

213 1994 418 2036 scribitur
452 1996 496 2035 in
530 1994 679 2036 codice
714 1994 1049 2037 membranaceo
1084 1992 1367 2035 bibliothecae
1399 1995 1534 2051 regiae
1567 1993 1689 2036 Hau·

212 2074 376 2115 niensis
411 2075 469 2127 (n.
504 2074 658 2127 2032):

810 2150 983 2192 Felices
1014 2151 1153 2191 credit
1189 2164 1367 2201 avaros,

481 2227 569 2277 Qui
601 2229 814 2269 mirantur
848 2244 968 2284 opes,
1000 2230 1074 2284 qui
1105 2229 1229 2270 nulla
1263 2226 1472 2284 exempla
1505 2226 1622 2269 beati

479 2305 689 2362 Pauperis
721 2320 817 2348 esse
851 2316 1032 2363 putant3
1062 2308 1247 2349 iuvenes
1281 2306 1482 2348 hortatur
1514 2315 1597 2348 etc.

321 2383 391 2425 Ad
439 2392 689 2426 extremum
730 2400 822 2427 rem
864 2384 1012 2427 levem
1051 2400 1129 2442 per
1171 2400 1219 2427 se
1254 2387 1498 2441 attingam,
1529 2385 1682 2426 sedin

210 2477 293 2518 qua
334 2472 480 2504 tamen
526 2478 698 2506 errores
745 2473 788 2506 et
830 2465 1169 2506 inconstantiam
1206 2465 1423 2521 quandam
1455 2471 1681 2506 enarrato-

208 2555 303 2582 rum
336 2550 378 2582 et
411 2542 626 2583 editorum
655 2556 741 2584 non
775 2545 905 2585 unius
938 2543 1165 2585 Iuvenalis
1199 2542 1373 2594 tollere,
1405 2543 1442 2583 si
1462 2541 1560 2583 fieri
1581 2553 1681 2597 pos-

207 2620 278 2667 sit,
312 2632 455 2673 operae
484 2623 673 2673 pretium
710 2624 781 2663 sit.
868 2622 1039 2678 Saepius
1071 2623 1187 2664 enim
1222 2624 1267 2663 in
1299 2622 1481 2663 summis
1511 2620 1680 2661 divitiis

206 2695 510 2752 significandis
563 2700 677 2755 apud
721 2699 851 2742 huius
895 2702 1036 2742 aetatis
1079 2702 1316 2756 scriptores
1356 2698 1537 2739 Licinus
1582 2698 1678 2738 sive

206 2773 403 2816 Licinius
449 2774 624 2831 quidam
671 2778 734 2819 sic
780 2777 1055 2836 appellatur,
1102 2787 1150 2820 ut
1195 2779 1323 2820 unius
1361 2777 1454 2819 noti
1488 2775 1678 2818 hominis
