1821 3309
1439 201 1534 251 179

135 352 278 385 ratum
312 351 391 387 est.
451 342 649 393 Quorum
683 342 849 397 primus
880 343 952 391 sit,
987 341 1059 396 qui
1089 342 1135 381 in
1166 342 1353 396 septima
1375 342 1512 384 satira
1542 342 1604 384 le-

136 424 254 479 gitur
289 421 391 463 inde
422 435 447 467 a
482 434 613 462 versu
644 422 752 471 106,
796 418 869 460 ubi
902 426 1032 474 poeta
1060 426 1281 460 oratorum
1315 422 1493 475 praemia
1518 435 1605 463 non

135 501 280 542 minus
317 501 486 555 exigua
521 512 619 539 esse
652 498 774 548 dicit,
805 511 933 553 quam
970 510 1065 551 quae
1099 499 1232 538 ceteri
1265 508 1605 555 consequantur,

135 580 210 634 qui
241 577 410 621 artibus
442 585 487 619 et
516 576 680 618 litteris
714 589 891 631 operam
923 574 1048 616 dent:

404 656 489 698 Dic
521 657 672 713 igitur,
721 655 823 712 quid
854 654 1086 696 causidicis
1127 653 1278 695 civilia
1310 663 1518 709 praestent

404 735 565 778 Officia
597 743 640 776 et
667 748 827 791 magno
859 734 1040 774 comites
1072 733 1117 773 in
1149 732 1268 774 fasce
1300 731 1458 774 libelli.

404 814 495 871 Ipsi
540 828 700 869 magna
744 821 926 864 sonant,
974 811 1050 855 sed
1081 819 1206 863 tunc,
1255 826 1387 869 quum
1419 813 1606 855 creditor

1358 891 1494 942 audit,

404 971 646 1027 Praecipue‚
684 970 757 1012 vel
788 973 824 1010 si
857 970 1005 1024 tetigit
1035 968 1150 1010 latus
1186 970 1326 1010 acrior
1358 968 1456 1016 illo,

403 1049 493 1099 Qui
523 1053 646 1091 venit
679 1049 731 1090 ad
755 1047 933 1089 dubium
956 1061 1114 1103 magno
1144 1060 1240 1087 cum
1262 1047 1411 1089 codice
1434 1062 1608 1090 nomen.

406 1127 533 1170 Tunc
564 1130 780 1170 immensa
824 1127 922 1168 cavi
955 1127 1124 1182 spirant
1154 1125 1382 1168 mendacia
1414 1126 1548 1168 folles

404 1205 759 1264 Conspuitnrque
778 1208 914 1250 sinus.
946 1205 1112 1247 Veram
1130 1204 1400 1260 deprendere
1420 1220 1607 1248 messem

406 1288 456 1331 Si
470 1287 597 1339 libet,
638 1287 740 1329 hinc
774 1294 946 1328 centum
976 1286 1241 1342 patrimonia
1274 1285 1609 1338 causidicorum,

405 1366 536 1407 Parte
567 1365 656 1407 alia
688 1365 831 1407 solum
864 1366 1027 1406 russati
1054 1378 1168 1420 pone
1198 1363 1425 1405 Lacernae.

138 1444 188 1486 In
220 1444 302 1486 hoc
331 1444 428 1486 loco
462 1445 575 1501 quod
606 1446 778 1486 initium
815 1453 908 1486 erat
938 1452 1067 1485 reetae
1095 1443 1486 1498 interpretationis,
1503 1441 1610 1484 Hei·

140 1523 323 1566 neckius
358 1524 481 1567 vidit.
551 1524 699 1575 Quum
732 1524 847 1565 enim
881 1521 1018 1578 vulgo
1051 1522 1186 1563 verba
1218 1521 1320 1577 Ipsi
1348 1535 1511 1577 magna
1542 1534 1608 1562 so-

138 1609 248 1645 nant
297 1611 378 1645 etc.
419 1604 473 1645 de
520 1603 752 1645 causidicis
791 1603 835 1643 in
883 1602 980 1643 foro
1011 1599 1258 1642 dicentibus
1294 1600 1612 1657 intelligerent,

140 1682 195 1723 ad
238 1697 367 1738 quam
409 1683 816 1737 interpretationem
849 1680 1145 1731 Schmidfius,
1190 1679 1436 1720 Heineckio
1464 1693 1611 1735 repre·

139 1760 303 1811 henso‚
351 1762 482 1802 rediit
523 1769 566 1802 et
608 1775 703 1802 eam
750 1761 964 1802 varietate
1005 1758 1151 1815 aliqua
1193 1759 1455 1809 exornavit,
1500 1756 1609 1798 Hei-

139 1838 322 1880 neckius
357 1840 482 1891 vidit,
512 1839 626 1896 quod
659 1847 701 1880 et
735 1853 794 1880 ex
831 1837 979 1880 verbis
1010 1838 1117 1894 ipsis
1149 1837 1415 1893 intelligitur
1433 1837 1611 1891 (magna

139 1920 316 1973 sonant)
356 1927 400 1960 et
444 1933 505 1960 ex
546 1932 700 1960 versus
730 1919 815 1958 112
866 1918 994 1958 initio
1047 1915 1422 1972 (Conspne'lnrque
1475 1919 1611 1965 se'mts,

141 2011 235 2053 quae
270 1995 405 2039 verba
438 2005 563 2038 vetus
588 1995 848 2038 scholiastes
879 2003 996 2036 recte
1028 1995 1336 2051 interpretatus
1368 1994 1451 2048 est)
1482 2002 1525 2034 et
1553 2008 1614 2036 ex

141 2078 556 2118 commemoratione
596 2076 825 2118 creditoris
872 2082 915 2115 et
958 2073 1140 2115 alterius
1175 2073 1312 2124 illius,
1362 2055 1434 2128 {lui
1469 2074 1611 2114 acrius

140 2153 257 2196 latus
289 2157 459 2212 tangit,
506 2163 728 2212 postremo
762 2162 908 2195 autem
939 2154 1170 2209 perspicue
1204 2166 1264 2194 ex
1296 2151 1364 2193 his
1395 2152 1613 2193 contrarie

140 2233 316 2276 relatis:
381 2236 512 2290 Ipsi
563 2248 724 2290 magna
775 2239 936 2274 sonant
991 2241 1034 2274 et
1086 2232 1239 2274 Veram
1292 2229 1615 2286 deprehendere

143 2326 316 2354 messem
357 2317 398 2354 si
440 2313 547 2355 lebet
589 2323 699 2366 etc.‚
755 2311 1013 2354 Iuvenalem
1058 2313 1244 2368 primum
1295 2311 1613 2353 causidicorum

143 2404 244 2432 suas
290 2392 512 2433 mercedes
555 2391 702 2433 verbis
741 2392 1111 2448 exaggerantium
1146 2390 1373 2431 mendacia
1416 2397 1458 2429 et
1492 2389 1612 2429 vani-

146 2478 279 2510 tatem
328 2470 486 2511 ridere.
555 2470 606 2510 In
653 2469 840 2525 singulis
882 2467 1080 2524 partibus
1120 2467 1322 2509 nonnihil
1353 2466 1504 2522 lapsus
1535 2475 1616 2507 est.

144 2547 251 2589 Haec
282 2558 348 2589 est
378 2549 542 2603 igitur,
573 2557 644 2600 ut,
686 2549 847 2590 omissa
879 2547 1172 2598 refutatione,
1214 2548 1390 2588 veriora
1421 2559 1618 2601 expona-

145 2641 258 2679 mus,
288 2629 604 2670 sententiarum
636 2628 914 2684 progressio:
950 2626 1040 2682 Ipsi
1073 2625 1246 2682 quidem
1277 2626 1426 2667 omnia
1457 2639 1618 2681 magna

144 2705 413 2762 loquuntur,
463 2721 646 2764 magnas
700 2707 786 2749 sibi
836 2706 1059 2748 mercedes
1112 2705 1228 2747 solvi
1276 2704 1420 2746 solere
1470 2704 1619 2745 dicunt

148 2785 328 2840 (magna
359 2790 563 2842 sonant),·
602 2787 679 2829 sed
723 2786 895 2843 quando
928 2785 1012 2827 hoc
1041 2784 1218 2827 dicunt‘e
1262 2793 1352 2826 turn
1386 2783 1619 2840 praecipue,

149 2877 281 2918 quum
322 2865 355 2906 ii
397 2865 606 2918 audiunt,
647 2880 756 2923 quos
813 2865 1132 2909 causidicorum
1172 2866 1355 2908 interest
1395 2862 1508 2904 bene
1566 2859 1620 2900 de

1290 2949 1351 2980 12⁶
