1821 3309
1372 231 1471 280 225

87 372 316 413 Horatium
356 374 506 427 pulsus
546 373 642 420 fult
681 388 731 413 ca
767 371 1086 428 significatione
1117 373 1308 414 seribere
1344 387 1428 414 non
1465 389 1538 429 po-

89 454 241 503 tuisse,
283 461 454 493 utemur
497 467 600 493 vera
644 462 686 492 et
729 460 846 492 certa
887 453 1099 507 scriptura
1143 453 1194 493 ad
1240 453 1371 494 aliam
1416 452 1535 493 litem

88 532 388 572 dirimendam.
452 531 577 571 Patet
631 532 772 582 enim,
822 530 1052 571 Horatium
1104 530 1286 572 liberius
1339 534 1538 587 praesenti

89 611 296 651 historico
335 612 414 661 uti,
456 624 540 650 non
570 611 613 650 in
647 612 852 650 continua
881 619 923 650 et
954 611 1132 650 incitata
1166 612 1430 661 narratione,
1465 611 1537 651 sed

88 690 129 729 in
160 688 283 730 brevi
309 691 372 730 rei
401 691 627 745 praeteritae
656 687 993 745 significatione,
1023 704 1098 745 per
1124 704 1360 744 pronomen
1392 689 1540 731 relati-

89 769 190 810 'vum
223 770 464 812 interiecta.
528 769 646 810 Idem
678 768 897 825 Virgilius
930 769 1034 810 facit
1068 784 1153 810 non
1186 784 1299 819 raro,
1336 784 1464 825 quum
1498 771 1539 808 in

89 846 275 889 relativa
306 850 522 890 sententia
558 849 677 903 (AEln.
717 848 774 900 ΙΙ,
814 849 911 899 275,
944 848 1069 900 VIII,
1096 851 1192 900 141,
1225 849 1299 890 ubi
1329 850 1444 890 tollit
1478 858 1543 889 est.

88 928 268 969 sustulit
306 934 347 969 ee
389 943 503 969 nunc
546 933 744 979 suslc’nel,
785 928 870 979 IX,
907 930 1004 979 266,
1043 930 1140 980 361,
1184 931 1283 980 362,
1321 927 1407 979 XI,
1447 929 1543 977 172,

90 1006 247 1063 quibus
276 1007 383 1049 locis
415 1023 490 1064 pro
516 1007 941 1064 plusquamperfecto
970 1022 1162 1062 praesens
1191 1017 1271 1058 est,
1297 1008 1543 1062 frustraque

88 1102 114 1128 a
144 1086 372 1144 XVagnero
404 1088 455 1127 ad
488 1096 702 1128 certorum
730 1086 1102 1128 substantivorum
1134 1089 1443 1143 proprietatem
1475 1086 1544 1127 hic

89 1179 193 1206 usus
245 1166 572 1223 adstringitur),
626 1176 716 1207 tum
759 1168 802 1207 in
834 1167 1203 1207 demonstratione
1248 1168 1353 1208 certi
1398 1168 1545 1222 puncti

89 1247 297 1300 praeteriti
331 1248 539 1302 temporis
582 1246 702 1300 (AEn.
747 1246 803 1297 II,
844 1247 942 1297 665,
983 1245 1063 1297 IV,
1094 1248 1210 1300 549).
1274 1246 1436 1286 Imitati
1469 1244 1542 1286 alii

90 1334 244 1380 poetae,
286 1335 333 1367 ut
379 1327 554 1367 Persius
596 1328 640 1367 in
685 1325 817 1367 satira
859 1336 1012 1381 quarta
1044 1341 1086 1366 v,
1118 1328 1166 1367 2:
1198 1324 1434 1366 Barbatum
1468 1323 1546 1364 hoc

93 1404 220 1444 crede
239 1409 490 1459 magistrum
514 1405 691 1456 Dicere,
718 1406 897 1446 sorbitio
917 1406 1035 1446 lollc't
1054 1419 1173 1460 quem
1206 1405 1305 1445 (Ιίιά
1327 1408 1494 1445 ce'cnloe.
1515 1405 1546 1454 l)

93 1481 191 1524 Non
227 1482 521 1526 dubitabimus
568 1487 717 1542 igitur,
760 1486 862 1540 quin
908 1485 1020 1525 idem
1063 1484 1273 1525 Horatius
1316 1497 1447 1524 ausus
1492 1484 1543 1522 sit

92 1570 191 1617 post
211 1565 560 1606 coniunctionem
584 1578 725 1620 quani,
754 1566 1065 1619 praesentisque
1095 1565 1149 1604 sit
1175 1564 1382 1619 temporis
1414 1563 1547 1603 donat

93 1643 135 1682 in
170 1642 260 1683 Sat.
297 1642 329 1694 Ι,
361 1646 406 1694 2,
435 1646 492 1685 56
521 1645 708 1698 (anmtor
745 1644 942 1698 Orc'ge'nis
972 1644 1064 1693 ille,
1094 1646 1383 1697 q21e712(tll·e'etm
1412 1645 1548 1682 mimoe

93 1720 230 1762 donat
255 1721 535 1778 fundumque
579 1724 814 1779 laremque)
859 1732 901 1764 et
944 1723 1101 1764 dormit
1131 1723 1172 1762 in
1210 1722 1300 1764 Sat.
1335 1721 1392 1772 ll,
1421 1723 1463 1770 3,
1493 1722 1545 1761 61

92 1802 246 1857 (quam
274 1801 427 1854 Fegfiecs
453 1802 596 1843 ebrius
619 1804 734 1852 olim,
774 1800 908 1849 Quam
935 1801 1125 1842 Ilionam
1151 1801 1365 1853 edon-mil),
1393 1798 1548 1855 quibus

94 1882 202 1925 locis
244 1885 379 1924 utitur
421 1882 648 1938 Zumptius
690 1886 713 1933 ξ
745 1884 828 1923 160
858 1890 946 1922 not.
978 1881 1029 1921 ad
1073 1894 1305 1936 syncopam
1341 1880 1546 1935 praeteriti

94 1962 434 2011 defendendam3
466 1977 620 2017 neque,
652 1976 781 2016 quum
824 1960 907 2008 illi,
941 1974 1048 2015 quos
1079 1961 1221 2015 posui,
1253 1957 1433 2013 Virgilii
1464 1957 1550 1998 loci

96 2057 224 2083 omne
258 2042 505 2083 huiusmodi
550 2039 781 2082 artificium
826 2048 1047 2094 respuant,
1087 2039 1128 2079 id
1169 2036 1472 2079 adhibebimus
1505 2038 1547 2077 in

99 2121 196 2162 aliis
228 2121 335 2163 locis
376 2136 552 2176 prorsus
597 2121 789 2161 eiusdem
835 2120 983 2160 sormae
1019 2117 1197 2173 (Georg.
1232 2117 1265 2167 I,
1299 2119 1382 2158 379
1416 2123 1549 2165 creat,

99 2201 201 2244 AEn.
245 2201 324 2253 IV,
363 2203 448 2242 228
468 2204 670 2256 promisit
712 2225 751 2230 —
792 2199 1003 2249 vindicat,
1047 2199 1108 2249 X,
1140 2199 1225 2239 518
1258 2211 1361 2252 qnos
1397 2196 1550 2237 educat

106 2279 279 2334 Ufens).
342 2280 470 2321 Illam
504 2294 734 2336 syncopam
772 2293 854 2333 ego
885 2280 929 2319 in
964 2287 1116 2333 quarta
1150 2278 1471 2332 coniugatione,
1508 2277 1549 2315 in

101 2374 186 2415 qua
215 2359 388 2400 facilem
422 2359 687 2416 explicatum
724 2357 854 2398 habet
889 2359 1119 2412 geminatae
1155 2356 1348 2397 eiusdem
1385 2354 1550 2395 vocalis

100 2439 352 2488 contractio,
383 2446 543 2479 certam
568 2437 696 2478 video
728 2450 822 2476 esse
853 2437 965 2491 apud
995 2444 1147 2490 poetas
1173 2443 1270 2490 post
1289 2433 1550 2488 Augustum,

101 2518 214 2576 apud
255 2516 493 2572 Augusteae
532 2517 672 2557 aetatis
713 2522 864 2570 poetas
903 2514 1262 2563 incertissimam,
1302 2521 1345 2553 et
1376 2520 1550 2567 propter

103 2595 408 2654 exemplorum
441 2596 485 2636 in
517 2595 644 2635 tertia
674 2608 862 2650 persona
895 2607 1105 2634 summam
1141 2593 1401 2648 paucitatem
1434 2592 1550 2646 (nam

137 2784 169 2827 ¹)
207 2783 319 2829 Fingi
353 2787 464 2830 poeta
500 2782 582 2817 vult
618 2782 812 2817 Socratem
847 2781 978 2816 adesse
1009 2786 1046 2815 et
1069 2780 1142 2814 hoc
1170 2780 1317 2824 dicer03
1361 2779 1553 2814 Socratem

199 2847 323 2893 ipsum
359 2845 550 2892 significat
584 2844 941 2880 commemoratione
974 2844 1030 2878 rei
1063 2843 1286 2890 praetcritae‚
1330 2853 1411 2888 qum
1445 2841 1485 2874 in
1512 2851 1554 2873 co

197 2907 402 2949 acciderit,
445 2920 494 2944 ne
529 2908 615 2956 quis
644 2908 842 2955 imperitus
868 2907 941 2941 hoc
969 2906 1044 2940 diei
1070 2911 1192 2952 putet,
1218 2915 1320 2939 nunc
1347 2914 1429 2936 eum
1460 2901 1555 2936 tolli.

1250 2981 1291 3011 15
