1821 3309
1471 200 1566 248 155

150 354 313 406 pos-ilo,
345 348 460 404 qnod
491 353 554 389 est
585 346 645 388 ced
674 348 967 400 cognitionem
997 345 1248 401 ‹lc'scc’plc'uce
1279 349 1404 393 salis,
1438 347 1635 384 immme-

159 428 324 470 rabc'lc‘a
352 433 608 477 nascuntur,
640 425 794 480 quibus
818 426 1056 479 implentur
1082 425 1487 465 luris-consaliorum
1519 421 1637 463 libri.

165 508 427 558 (lacerantur
465 510 605 557 enim,
650 508 728 560 qut·
757 505 1096 559 adslre‘ngumtcr
1126 506 1268 543 sacris
1301 503 1377 542 &tu
1438 501 1638 541 Oli'endit

159 590 245 630 iam
288 587 401 628 alios
442 586 676 641 repetitum
718 582 826 624 illud
860 583 959 623 Hoc
983 586 1157 638 pose‘l03
1199 596 1351 622 verum
1380 580 1560 636 gravior
1595 580 1638 618 in

160 668 391 709 sententiae
434 679 563 720 quam
597 665 642 705 in
685 662 807 705 verbi
848 664 1109 719 repetitione
1143 671 1185 704 et
1216 659 1546 718 perturbatione
1576 658 1639 699 of-

162 746 304 788 fensio
337 754 418 787 est.
494 744 558 786 Ea
594 745 737 794 enim,
774 758 868 799 quae
904 743 1090 784 inferius
1127 744 1269 799 posita
1304 749 1428 789 sunt,
1474 754 1534 780 ex
1568 752 1640 779 su-

162 828 337 882 periore
372 834 578 880 tanquam
610 823 754 878 capite
791 831 833 863 et
867 822 987 863 fonte
1019 823 1289 864 derivantur.
1373 820 1459 863 Sed
1493 821 1640 873 priora

163 905 266 948 illa:
307 904 399 947 laam
439 908 542 945 iura
576 901 838 958 pontificum
881 907 1150 944 auctoritate
1192 903 1272 944 (tc.
1315 904 1411 959 ipsa
1456 905 1642 947 deducta

165 993 267 1027 sunt
300 999 326 1026 a
360 985 501 1040 primo
536 982 612 1023 illo
646 983 791 1037 capite
823 990 866 1022 et
896 995 1093 1033 summo,
1136 997 1220 1038 quo
1262 997 1386 1023 sacra
1428 994 1643 1038 perpetua

167 1078 266 1106 esse
309 1071 352 1104 et
396 1061 578 1103 familiis
618 1061 824 1116 deinceps
856 1061 979 1116 prodi
1015 1060 1245 1112 iubentur,
1293 1077 1372 1104 nec
1405 1062 1642 1118 quidquam

166 1144 419 1194 continent,
461 1141 576 1197 quod
623 1155 708 1182 non
754 1139 808 1181 ab
850 1140 1004 1181 eodem
1047 1142 1173 1182 initio
1207 1142 1456 1183 distinctius
1488 1142 1644 1183 deinde

167 1224 325 1264 iterum
352 1219 618 1277 explicetur.
682 1219 836 1276 Itaque
863 1218 1049 1261 alterum
1074 1235 1247 1277 quoque
1274 1221 1371 1262 Hoc
1396 1234 1479 1262 uno
1501 1225 1645 1274 pesilo

168 1302 356 1344 refertur
377 1301 596 1342 sententia
619 1314 703 1340 non
733 1299 785 1340 ad
813 1302 1016 1354 proxime
1040 1302 1346 1355 praecedentia,
1377 1301 1453 1341 sed
1476 1302 1646 1351 eodem,

170 1396 256 1439 quo
289 1380 383 1431 illa,
417 1388 480 1432 ut,
519 1380 849 1434 circumscripta
881 1387 923 1419 et
954 1379 1129 1421 sublata
1161 1380 1242 1422 hac
1270 1381 1513 1422 sententia:
1550 1379 1648 1420 Hoc

169 1464 315 1516 posito
348 1458 442 1500 Itaec
478 1462 939 1514 iura—pervenerit,
987 1473 1072 1499 non
1107 1458 1250 1501 solum
1284 1459 1395 1501 nihil
1430 1460 1650 1500 desidere-

174 1549 272 1589 tur,
309 1538 386 1579 sed
420 1538 567 1579 onmia
609 1546 699 1578 tum
736 1537 910 1578 demum
944 1538 1096 1579 ordine
1141 1540 1393 1594 procedant.
1460 1538 1510 1580 ln
1541 1540 1649 1594 ipsis

175 1626 321 1660 autem
364 1617 433 1658 his
475 1616 623 1658 verbis
654 1617 842 1672 primum
875 1631 961 1658 non
993 1627 1110 1659 recte
1144 1623 1244 1660 iura
1275 1619 1437 1676 plurali
1468 1632 1650 1660 numero

174 1698 394 1748 dicuntur,
423 1710 556 1752 quum
590 1710 724 1738 unum
762 1705 963 1752 ponatur,
993 1705 1040 1737 ut
1071 1711 1195 1739 sacra
1227 1701 1280 1740 iis
1311 1701 1398 1741 sint
1430 1701 1650 1752 adiuncta,

175 1778 249 1834 qui
280 1776 510 1832 pecuniam
545 1776 819 1831 acceperint3
869 1776 1028 1817 deinde
1068 1777 1211 1831 ipsum
1259 1777 1370 1830 hoc,
1416 1793 1539 1821 sacra
1574 1781 1652 1821 ad-

175 1859 308 1911 iungi
337 1853 605 1905 hominibus,
638 1868 723 1895 non
759 1855 888 1895 nimis
919 1854 1078 1910 placet,
1111 1856 1238 1898 valde
1271 1867 1416 1900 autem
1451 1859 1655 1915 displicet

176 1949 315 1992 prava
342 1935 596 1976 consecutio
627 1942 898 1990 temporum:
925 1942 1158 1977 consecuta
1190 1943 1305 1989 sunt,
1339 1943 1386 1978 ut
1414 1962 1469 1968 —
1499 1945 1657 1991 essent,

179 2014 240 2056 acl
270 2028 376 2070 quos
395 2017 680 2069 yn’rvenere’ss⁸
716 2012 906 2054 debebat
940 2015 1055 2055 enim
1076 2029 1173 2056 esse
1187 2021 1478 2072 pervenisset.
1539 2016 1655 2059 Tum

180 2095 218 2136 si
241 2095 339 2150 quis
361 2094 635 2149 superiorem
654 2095 916 2135 sententiam
937 2096 1300 2147 consideraverit,
1329 2096 1459 2138 facile
1481 2099 1657 2148 sentiet,

180 2181 432 2215 extremum
478 2172 743 2215 vocabulum
788 2188 919 2215 sacra
963 2176 1122 2216 vitiose
1163 2175 1410 2218 redundare
1456 2186 1499 2218 et
1545 2178 1659 2219 trahi

181 2261 282 2309 post
310 2251 414 2294 illa:
459 2252 514 2294 de
543 2256 685 2295 sacris
715 2259 875 2295 aulem.
941 2255 1083 2297 Simul
1115 2264 1263 2297 autem
1311 2255 1444 2298 velim
1477 2259 1659 2310 attendi,

183 2346 271 2374 non
313 2333 479 2388 optime
518 2332 629 2374 dici:
677 2334 936 2388 pontificum
983 2339 1252 2376 cenclore'lule
1290 2336 1375 2377 leuc
1415 2341 1516 2379 iura
1562 2352 1661 2379 cou—

184 2416 338 2452 secnta
381 2416 482 2452 sunt
524 2426 603 2467 pro
636 2426 712 2463 eo,
762 2413 875 2468 quod
914 2422 980 2454 est
1024 2419 1288 2466 constituta,
1323 2424 1473 2457 contra
1515 2424 1660 2457 recte:

185 2502 317 2530 sacra
355 2488 617 2544 ponteficum
661 2495 930 2532 auctoritate
981 2491 1075 2533 leaec
1127 2496 1228 2533 iecra
1274 2500 1508 2535 consecula
1547 2501 1663 2537 sunt.

187 2567 279 2609 Iam
313 2569 357 2609 in
385 2567 610 2610 codicibus
643 2583 721 2625 pro
753 2569 900 2611 verbis
930 2569 1011 2612 leoc
1038 2575 1183 2628 posito
1218 2571 1424 2614 scribitur
1453 2574 1546 2615 sere
1576 2573 1664 2616 lucc

183 2651 360 2704 posita,
390 2649 433 2688 in
467 2649 618 2704 paucis
653 2647 809 2700 aliter,
842 2648 915 2690 Ιιίσ
941 2654 1117 2707 posita,
1150 2650 1230 2692 ltoc
1254 2656 1422 2708 ponite.
1487 2654 1657 2708 (Victo-

188 2728 338 2768 rianus
370 2726 584 2769 habuerat
613 2726 707 2770 leaec
732 2732 896 2784 pos-ila,
929 2731 1005 2772 sed
1039 2729 1185 2772 deleta
1218 2731 1309 2773 lia-c
1339 2733 1382 2773 in
1418 2747 1470 2773 eo
1506 2738 1664 2784 erant.)

190 2804 298 2848 llaec
327 2808 475 2849 omnia
501 2809 574 2864 qui
605 2808 753 2849 animo
785 2809 1181 2865 comprehenderit,
1216 2826 1301 2853 non
1322 2810 1516 2868 negabit,
1548 2827 1572 2853 a
1592 2811 1663 2853 Ci-

192 2897 348 2927 cerone
381 2885 470 2929 haec
501 2887 563 2929 sic
595 2889 835 2945 perscripta
867 2890 1028 2934 fuisse:
1063 2914 1114 2925 -
1150 2896 1207 2939 el,
1238 2897 1286 2934 ut
1318 2895 1361 2934 in
1395 2891 1492 2946 lege
1516 2894 1663 2946 posui,
