<?xml version="1.0" encoding="UTF-8"?>
<!DOCTYPE html PUBLIC "-//W3C//DTD XHTML 1.0 Transitional//EN"
    "http://www.w3.org/TR/xhtml1/DTD/xhtml1-transitional.dtd">
<html xmlns="http://www.w3.org/1999/xhtml" xml:lang="en" lang="en">
 <head>
  <title>
</title>
<meta http-equiv="Content-Type" content="text/html;charset=utf-8" />
  <meta name='ocr-system' content='tesseract 3.04.00' />
  <meta name='ocr-capabilities' content='ocr_page ocr_carea ocr_par ocr_line ocrx_word'/>
</head>
<body>
  <div class='ocr_page' id='page_1' title='image "./ionicolaimadvigi02madvuoft_0139.png"; bbox 0 0 1821 3309; ppageno 0'>
   <div class='ocr_carea' id='block_1_1' title="bbox 1477 210 1573 262">
    <p class='ocr_par' dir='ltr' id='par_1_1' title="bbox 1477 210 1573 262">
     <span class='ocr_line' id='line_1_1' title="bbox 1477 210 1573 262; baseline 0.01 -1"><span class='ocrx_word' id='word_1_1' title='bbox 1477 210 1573 262; x_wconf 71' lang='lat'>127</span> 
     </span>
    </p>
   </div>
   <div class='ocr_carea' id='block_1_2' title="bbox 136 350 1644 2312">
    <p class='ocr_par' dir='ltr' id='par_1_2' title="bbox 136 350 1644 2312">
     <span class='ocr_line' id='line_1_2' title="bbox 152 350 1644 411; baseline 0.001 -17"><span class='ocrx_word' id='word_1_2' title='bbox 152 351 293 394; x_wconf 71' lang='lat' dir='ltr'>tribus</span> <span class='ocrx_word' id='word_1_3' title='bbox 324 355 436 393; x_wconf 72' lang='lat' dir='ltr'>satis</span> <span class='ocrx_word' id='word_1_4' title='bbox 468 350 670 392; x_wconf 82' lang='lat' dir='ltr'>decorum</span> <span class='ocrx_word' id='word_1_5' title='bbox 705 360 789 392; x_wconf 86' lang='lat' dir='ltr'>etc.</span> <span class='ocrx_word' id='word_1_6' title='bbox 851 350 1034 393; x_wconf 84' lang='lat' dir='ltr'>Frustra</span> <span class='ocrx_word' id='word_1_7' title='bbox 1066 350 1303 394; x_wconf 55' lang='lat' dir='ltr'>V&#39;alchius</span> <span class='ocrx_word' id='word_1_8' title='bbox 1339 351 1410 394; x_wconf 86' lang='lat' dir='ltr'>hic</span> <span class='ocrx_word' id='word_1_9' title='bbox 1441 354 1644 411; x_wconf 81' lang='lat' dir='ltr'>confugit</span> 
     </span>
     <span class='ocr_line' id='line_1_3' title="bbox 153 429 1641 486; baseline 0.001 -12"><span class='ocrx_word' id='word_1_10' title='bbox 153 432 208 474; x_wconf 88' lang='lat' dir='ltr'>ad</span> <span class='ocrx_word' id='word_1_11' title='bbox 238 433 303 473; x_wconf 86' lang='lat' dir='ltr'>rei</span> <span class='ocrx_word' id='word_1_12' title='bbox 335 431 551 473; x_wconf 81' lang='lat' dir='ltr'>absolutae</span> <span class='ocrx_word' id='word_1_13' title='bbox 573 429 964 486; x_wconf 86' lang='lat' dir='ltr'>significationem,</span> <span class='ocrx_word' id='word_1_14' title='bbox 994 445 1090 486; x_wconf 85' lang='lat' dir='ltr'>quae</span> <span class='ocrx_word' id='word_1_15' title='bbox 1123 432 1167 471; x_wconf 88' lang='lat' dir='ltr'>in</span> <span class='ocrx_word' id='word_1_16' title='bbox 1189 430 1312 472; x_wconf 60' lang='lat' dir='ltr'>&gt;hunc</span> <span class='ocrx_word' id='word_1_17' title='bbox 1340 431 1487 474; x_wconf 85' lang='lat' dir='ltr'>locum</span> <span class='ocrx_word' id='word_1_18' title='bbox 1515 433 1641 476; x_wconf 87' lang='lat' dir='ltr'>nullo</span> 
     </span>
     <span class='ocr_line' id='line_1_4' title="bbox 154 508 1643 565; baseline 0.002 -12"><span class='ocrx_word' id='word_1_19' title='bbox 154 511 284 553; x_wconf 90' lang='lat' dir='ltr'>modo</span> <span class='ocrx_word' id='word_1_20' title='bbox 319 511 452 560; x_wconf 81' lang='lat' dir='ltr'>cadit,</span> <span class='ocrx_word' id='word_1_21' title='bbox 484 509 560 550; x_wconf 91' lang='lat' dir='ltr'>ubi</span> <span class='ocrx_word' id='word_1_22' title='bbox 592 524 680 551; x_wconf 89' lang='lat' dir='ltr'>non</span> <span class='ocrx_word' id='word_1_23' title='bbox 712 508 1096 565; x_wconf 77' lang='lat' dir='ltr'>(quemadmodum</span> <span class='ocrx_word' id='word_1_24' title='bbox 1130 511 1175 550; x_wconf 89' lang='lat' dir='ltr'>in</span> <span class='ocrx_word' id='word_1_25' title='bbox 1213 508 1410 551; x_wconf 88' lang='lat' dir='ltr'>Cornelii</span> <span class='ocrx_word' id='word_1_26' title='bbox 1444 511 1643 556; x_wconf 83' lang='lat' dir='ltr'>Eumene</span> 
     </span>
     <span class='ocr_line' id='line_1_5' title="bbox 153 588 1644 648; baseline 0.001 -16"><span class='ocrx_word' id='word_1_27' title='bbox 153 599 197 632; x_wconf 82' lang='lat' dir='ltr'>et</span> <span class='ocrx_word' id='word_1_28' title='bbox 243 589 345 631; x_wconf 82' lang='lat' dir='ltr'>Liv.</span> <span class='ocrx_word' id='word_1_29' title='bbox 384 590 470 637; x_wconf 78' lang='lat'>37,</span> <span class='ocrx_word' id='word_1_30' title='bbox 526 589 623 642; x_wconf 90' lang='grc'>19),</span> <span class='ocrx_word' id='word_1_31' title='bbox 682 589 856 644; x_wconf 90' lang='lat' dir='ltr'>quando</span> <span class='ocrx_word' id='word_1_32' title='bbox 906 588 1008 645; x_wconf 88' lang='lat' dir='ltr'>quid</span> <span class='ocrx_word' id='word_1_33' title='bbox 1057 588 1297 644; x_wconf 84' lang='lat' dir='ltr'>perfectum</span> <span class='ocrx_word' id='word_1_34' title='bbox 1346 603 1445 631; x_wconf 85' lang='lat' dir='ltr'>esse</span> <span class='ocrx_word' id='word_1_35' title='bbox 1490 593 1644 648; x_wconf 76' lang='lat' dir='ltr'>possit,</span> 
     </span>
     <span class='ocr_line' id='line_1_6' title="bbox 153 668 1641 724; baseline 0.003 -14"><span class='ocrx_word' id='word_1_36' title='bbox 153 670 327 724; x_wconf 76' lang='lat' dir='ltr'>agitur,</span> <span class='ocrx_word' id='word_1_37' title='bbox 379 669 445 709; x_wconf 81' lang='lat' dir='ltr'>sid</span> <span class='ocrx_word' id='word_1_38' title='bbox 479 668 580 724; x_wconf 90' lang='lat' dir='ltr'>quid</span> <span class='ocrx_word' id='word_1_39' title='bbox 616 682 732 709; x_wconf 89' lang='lat' dir='ltr'>nunc</span> <span class='ocrx_word' id='word_1_40' title='bbox 763 670 951 724; x_wconf 87' lang='lat' dir='ltr'>primum</span> <span class='ocrx_word' id='word_1_41' title='bbox 988 668 1238 710; x_wconf 80' lang='lat' dir='ltr'>faciendum</span> <span class='ocrx_word' id='word_1_42' title='bbox 1273 670 1330 711; x_wconf 82' lang='lat' dir='ltr'>sit</span> <span class='ocrx_word' id='word_1_43' title='bbox 1374 678 1449 711; x_wconf 79' lang='lat' dir='ltr'>aut</span> <span class='ocrx_word' id='word_1_44' title='bbox 1492 671 1641 715; x_wconf 72' lang='lat' dir='ltr'>fuerit.</span> 
     </span>
     <span class='ocr_line' id='line_1_7' title="bbox 150 747 1641 796; baseline 0.003 -7"><span class='ocrx_word' id='word_1_45' title='bbox 150 748 323 790; x_wconf 80' lang='lat' dir='ltr'><strong>Deinde</strong></span> <span class='ocrx_word' id='word_1_46' title='bbox 357 747 479 789; x_wconf 85' lang='lat' dir='ltr'>aliud</span> <span class='ocrx_word' id='word_1_47' title='bbox 511 757 577 788; x_wconf 85' lang='lat' dir='ltr'>est</span> <span class='ocrx_word' id='word_1_48' title='bbox 610 749 824 789; x_wconf 84' lang='lat' dir='ltr'>orationis</span> <span class='ocrx_word' id='word_1_49' title='bbox 859 749 1042 796; x_wconf 84' lang='lat' dir='ltr'>vitium;</span> <span class='ocrx_word' id='word_1_50' title='bbox 1075 762 1174 789; x_wconf 87' lang='lat' dir='ltr'>nam</span> <span class='ocrx_word' id='word_1_51' title='bbox 1210 757 1251 789; x_wconf 86' lang='lat' dir='ltr'>et</span> <span class='ocrx_word' id='word_1_52' title='bbox 1283 760 1489 792; x_wconf 76' lang='lat' dir='ltr'>constans</span> <span class='ocrx_word' id='word_1_53' title='bbox 1520 749 1641 793; x_wconf 80' lang='lat' dir='ltr'>Livii</span> 
     </span>
     <span class='ocr_line' id='line_1_8' title="bbox 151 826 1641 884; baseline 0.002 -15"><span class='ocrx_word' id='word_1_54' title='bbox 151 842 245 870; x_wconf 83' lang='lat' dir='ltr'>mos</span> <span class='ocrx_word' id='word_1_55' title='bbox 278 829 320 868; x_wconf 82' lang='lat' dir='ltr'>in</span> <span class='ocrx_word' id='word_1_56' title='bbox 357 827 581 868; x_wconf 88' lang='lat' dir='ltr'>reddendo</span> <span class='ocrx_word' id='word_1_57' title='bbox 615 827 818 883; x_wconf 77' lang='lat' dir='ltr'>longiore</span> <span class='ocrx_word' id='word_1_58' title='bbox 862 837 1015 868; x_wconf 82' lang='lat' dir='ltr'>tenore</span> <span class='ocrx_word' id='word_1_59' title='bbox 1050 826 1207 868; x_wconf 67' lang='lat' dir='ltr'>alienae</span> <span class='ocrx_word' id='word_1_60' title='bbox 1239 830 1452 870; x_wconf 77' lang='lat' dir='ltr'>orationis</span> <span class='ocrx_word' id='word_1_61' title='bbox 1484 831 1563 884; x_wconf 81' lang='lat' dir='ltr'>(ita</span> <span class='ocrx_word' id='word_1_62' title='bbox 1594 840 1641 872; x_wconf 78' lang='lat' dir='ltr'>ut</span> 
     </span>
     <span class='ocr_line' id='line_1_9' title="bbox 149 906 1640 963; baseline 0.003 -15"><span class='ocrx_word' id='word_1_63' title='bbox 149 908 369 948; x_wconf 81' lang='lat' dir='ltr'>sententia</span> <span class='ocrx_word' id='word_1_64' title='bbox 410 921 497 947; x_wconf 92' lang='lat' dir='ltr'>non</span> <span class='ocrx_word' id='word_1_65' title='bbox 542 908 748 963; x_wconf 73' lang='lat' dir='ltr'>proxime</span> <span class='ocrx_word' id='word_1_66' title='bbox 787 907 974 962; x_wconf 81' lang='lat' dir='ltr'>pendeat</span> <span class='ocrx_word' id='word_1_67' title='bbox 1006 922 1031 947; x_wconf 87' lang='lat' dir='ltr'>a</span> <span class='ocrx_word' id='word_1_68' title='bbox 1062 906 1197 948; x_wconf 67' lang='lat' dir='ltr'>verbo</span> <span class='ocrx_word' id='word_1_69' title='bbox 1242 906 1386 962; x_wconf 80' lang='lat' dir='ltr'>finito)</span> <span class='ocrx_word' id='word_1_70' title='bbox 1433 919 1475 950; x_wconf 86' lang='lat' dir='ltr'>et</span> <span class='ocrx_word' id='word_1_71' title='bbox 1508 910 1640 952; x_wconf 85' lang='lat' dir='ltr'>huius</span> 
     </span>
     <span class='ocr_line' id='line_1_10' title="bbox 149 985 1638 1041; baseline 0.001 -12"><span class='ocrx_word' id='word_1_72' title='bbox 149 986 235 1029; x_wconf 88' lang='lat' dir='ltr'>loci</span> <span class='ocrx_word' id='word_1_73' title='bbox 266 987 410 1028; x_wconf 78' lang='lat' dir='ltr'>sonna</span> <span class='ocrx_word' id='word_1_74' title='bbox 440 986 598 1041; x_wconf 82' lang='lat' dir='ltr'>(cm-ae</span> <span class='ocrx_word' id='word_1_75' title='bbox 630 1000 723 1026; x_wconf 67' lang='lat' dir='ltr'>esse</span> <span class='ocrx_word' id='word_1_76' title='bbox 752 985 956 1039; x_wconf 67' lang='lat' dir='ltr'>pult-ibus</span> <span class='ocrx_word' id='word_1_77' title='bbox 984 987 1190 1037; x_wconf 66' lang='lat' dir='ltr'>ostendit,</span> <span class='ocrx_word' id='word_1_78' title='bbox 1224 993 1270 1027; x_wconf 80' lang='lat' dir='ltr'>ut</span> <span class='ocrx_word' id='word_1_79' title='bbox 1305 989 1563 1029; x_wconf 78' lang='lat' dir='ltr'>consulatur</span> <span class='ocrx_word' id='word_1_80' title='bbox 1596 1001 1638 1031; x_wconf 84' lang='lat' dir='ltr'>et</span> 
     </span>
     <span class='ocr_line' id='line_1_11' title="bbox 148 1064 1637 1121; baseline 0.002 -13"><span class='ocrx_word' id='word_1_81' title='bbox 148 1081 282 1108; x_wconf 85' lang='lat' dir='ltr'>mox:</span> <span class='ocrx_word' id='word_1_82' title='bbox 325 1079 419 1114; x_wconf 82' lang='lat' dir='ltr'>nec,</span> <span class='ocrx_word' id='word_1_83' title='bbox 463 1068 507 1105; x_wconf 74' lang='lat' dir='ltr'>se·</span> <span class='ocrx_word' id='word_1_84' title='bbox 534 1068 594 1105; x_wconf 75' lang='lat' dir='ltr'>sit</span> <span class='ocrx_word' id='word_1_85' title='bbox 635 1065 887 1104; x_wconf 64' lang='lat' dir='ltr'>luxmuenh&#39;</span> <span class='ocrx_word' id='word_1_86' title='bbox 919 1064 1109 1119; x_wconf 79' lang='lat' dir='ltr'>ale&#39;qmd)</span> <span class='ocrx_word' id='word_1_87' title='bbox 1140 1064 1408 1121; x_wconf 75' lang='lat' dir='ltr'>postulabat,</span> <span class='ocrx_word' id='word_1_88' title='bbox 1447 1076 1492 1108; x_wconf 80' lang='lat' dir='ltr'>ut</span> <span class='ocrx_word' id='word_1_89' title='bbox 1524 1070 1637 1110; x_wconf 87' lang='lat' dir='ltr'>scri-</span> 
     </span>
     <span class='ocr_line' id='line_1_12' title="bbox 148 1142 1640 1202; baseline 0.002 -16"><span class='ocrx_word' id='word_1_90' title='bbox 148 1145 325 1187; x_wconf 70' lang='lat' dir='ltr'>ben-etur</span> <span class='ocrx_word' id='word_1_91' title='bbox 366 1153 464 1184; x_wconf 78' lang='lat' dir='ltr'>aut:</span> <span class='ocrx_word' id='word_1_92' title='bbox 518 1157 600 1184; x_wconf 80' lang='lat' dir='ltr'>uec</span> <span class='ocrx_word' id='word_1_93' title='bbox 631 1157 762 1198; x_wconf 75' lang='lat' dir='ltr'>posse</span> <span class='ocrx_word' id='word_1_94' title='bbox 808 1144 984 1196; x_wconf 88' lang='lat' dir='ltr'>(nunc),</span> <span class='ocrx_word' id='word_1_95' title='bbox 1037 1157 1163 1198; x_wconf 77' lang='lat' dir='ltr'>quum</span> <span class='ocrx_word' id='word_1_96' title='bbox 1209 1142 1353 1185; x_wconf 75' lang='lat' dir='ltr'>hostes</span> <span class='ocrx_word' id='word_1_97' title='bbox 1394 1160 1535 1202; x_wconf 79' lang='lat' dir='ltr'>prope</span> <span class='ocrx_word' id='word_1_98' title='bbox 1579 1148 1640 1189; x_wconf 79' lang='lat' dir='ltr'>ml</span> 
     </span>
     <span class='ocr_line' id='line_1_13' title="bbox 140 1222 1638 1280; baseline 0.003 -15"><span class='ocrx_word' id='word_1_99' title='bbox 140 1229 297 1279; x_wconf 71' lang='lat' dir='ltr'>portas</span> <span class='ocrx_word' id='word_1_100' title='bbox 337 1228 479 1274; x_wconf 70' lang='lat' dir='ltr'>sint,</span> <span class='ocrx_word' id='word_1_101' title='bbox 528 1233 602 1264; x_wconf 87' lang='lat' dir='ltr'>aut</span> <span class='ocrx_word' id='word_1_102' title='bbox 643 1223 716 1274; x_wconf 83' lang='lat' dir='ltr'>(de</span> <span class='ocrx_word' id='word_1_103' title='bbox 765 1222 952 1263; x_wconf 87' lang='lat' dir='ltr'>consilio</span> <span class='ocrx_word' id='word_1_104' title='bbox 997 1233 1147 1278; x_wconf 83' lang='lat' dir='ltr'>capto,</span> <span class='ocrx_word' id='word_1_105' title='bbox 1196 1239 1327 1280; x_wconf 85' lang='lat' dir='ltr'>quum</span> <span class='ocrx_word' id='word_1_106' title='bbox 1375 1236 1517 1267; x_wconf 86' lang='lat' dir='ltr'>metus</span> <span class='ocrx_word' id='word_1_107' title='bbox 1559 1227 1638 1269; x_wconf 88' lang='lat' dir='ltr'>ille</span> 
     </span>
     <span class='ocr_line' id='line_1_14' title="bbox 147 1301 1632 1361; baseline 0.001 -16"><span class='ocrx_word' id='word_1_108' title='bbox 147 1301 277 1345; x_wconf 81' lang='lat' dir='ltr'>alteri</span> <span class='ocrx_word' id='word_1_109' title='bbox 323 1301 637 1344; x_wconf 78' lang='lat' dir='ltr'>deliberationi</span> <span class='ocrx_word' id='word_1_110' title='bbox 676 1303 1034 1355; x_wconf 79' lang='lat' dir='ltr'>intervenisset):</span> <span class='ocrx_word' id='word_1_111' title='bbox 1066 1317 1147 1344; x_wconf 80' lang='lat' dir='ltr'>uec</span> <span class='ocrx_word' id='word_1_112' title='bbox 1175 1309 1389 1359; x_wconf 72' lang='lat' dir='ltr'>potuisse,</span> <span class='ocrx_word' id='word_1_113' title='bbox 1422 1320 1548 1361; x_wconf 79' lang='lat' dir='ltr'>quum</span> <span class='ocrx_word' id='word_1_114' title='bbox 1587 1331 1632 1338; x_wconf 94' lang='lat'><strong>—</strong></span> 
     </span>
     <span class='ocr_line' id='line_1_15' title="bbox 146 1381 1632 1438; baseline 0.003 -14"><span class='ocrx_word' id='word_1_115' title='bbox 146 1387 304 1424; x_wconf 74' lang='lat' dir='ltr'>essent.</span> <span class='ocrx_word' id='word_1_116' title='bbox 375 1381 523 1438; x_wconf 81' lang='lat' dir='ltr'>Itaque</span> <span class='ocrx_word' id='word_1_117' title='bbox 562 1393 604 1422; x_wconf 89' lang='lat' dir='ltr'>et</span> <span class='ocrx_word' id='word_1_118' title='bbox 637 1383 843 1424; x_wconf 87' lang='lat' dir='ltr'>mendum</span> <span class='ocrx_word' id='word_1_119' title='bbox 880 1396 978 1424; x_wconf 87' lang='lat' dir='ltr'>esse</span> <span class='ocrx_word' id='word_1_120' title='bbox 1011 1392 1116 1438; x_wconf 84' lang='lat' dir='ltr'>puto</span> <span class='ocrx_word' id='word_1_121' title='bbox 1153 1393 1194 1424; x_wconf 83' lang='lat' dir='ltr'>et</span> <span class='ocrx_word' id='word_1_122' title='bbox 1233 1385 1328 1424; x_wconf 86' lang='lat' dir='ltr'>eius</span> <span class='ocrx_word' id='word_1_123' title='bbox 1359 1385 1509 1426; x_wconf 82' lang='lat' dir='ltr'>sedem</span> <span class='ocrx_word' id='word_1_124' title='bbox 1547 1400 1632 1428; x_wconf 93' lang='lat' dir='ltr'>non</span> 
     </span>
     <span class='ocr_line' id='line_1_16' title="bbox 146 1462 1637 1520; baseline 0.002 -16"><span class='ocrx_word' id='word_1_125' title='bbox 146 1466 190 1505; x_wconf 89' lang='lat' dir='ltr'>in</span> <span class='ocrx_word' id='word_1_126' title='bbox 215 1465 523 1517; x_wconf 72' lang='lat' dir='ltr'>prm-ertisse,</span> <span class='ocrx_word' id='word_1_127' title='bbox 559 1462 673 1516; x_wconf 90' lang='lat' dir='ltr'>quod</span> <span class='ocrx_word' id='word_1_128' title='bbox 709 1477 838 1503; x_wconf 87' lang='lat' dir='ltr'>nemo</span> <span class='ocrx_word' id='word_1_129' title='bbox 866 1477 946 1517; x_wconf 91' lang='lat' dir='ltr'>pro</span> <span class='ocrx_word' id='word_1_130' title='bbox 968 1465 1507 1520; x_wconf 76' lang='lat' dir='ltr'>proeverlc’suppositurus</span> <span class='ocrx_word' id='word_1_131' title='bbox 1527 1474 1637 1518; x_wconf 82' lang='lat' dir='ltr'>erat,</span> 
     </span>
     <span class='ocr_line' id='line_1_17' title="bbox 143 1539 1634 1598; baseline 0.003 -15"><span class='ocrx_word' id='word_1_132' title='bbox 143 1541 219 1583; x_wconf 85' lang='lat' dir='ltr'>sed</span> <span class='ocrx_word' id='word_1_133' title='bbox 240 1543 425 1596; x_wconf 63' lang='lat' dir='ltr'>inpone</span> <span class='ocrx_word' id='word_1_134' title='bbox 453 1541 611 1581; x_wconf 85' lang='lat' dir='ltr'>teneri.</span> <span class='ocrx_word' id='word_1_135' title='bbox 683 1541 746 1582; x_wconf 87' lang='lat' dir='ltr'>Eo</span> <span class='ocrx_word' id='word_1_136' title='bbox 779 1541 956 1583; x_wconf 86' lang='lat' dir='ltr'>sublato</span> <span class='ocrx_word' id='word_1_137' title='bbox 992 1539 1106 1582; x_wconf 83' lang='lat' dir='ltr'>effici</span> <span class='ocrx_word' id='word_1_138' title='bbox 1139 1541 1230 1583; x_wconf 83' lang='lat' dir='ltr'>haec</span> <span class='ocrx_word' id='word_1_139' title='bbox 1263 1542 1404 1585; x_wconf 80' lang='lat' dir='ltr'>forma</span> <span class='ocrx_word' id='word_1_140' title='bbox 1438 1553 1634 1598; x_wconf 77' lang='lat' dir='ltr'>poterat:</span> 
     </span>
     <span class='ocr_line' id='line_1_18' title="bbox 146 1622 1633 1678; baseline 0.003 -16"><span class='ocrx_word' id='word_1_141' title='bbox 146 1627 300 1662; x_wconf 81' lang='lat' dir='ltr'>melum</span> <span class='ocrx_word' id='word_1_142' title='bbox 332 1635 414 1676; x_wconf 83' lang='lat' dir='ltr'>pro</span> <span class='ocrx_word' id='word_1_143' title='bbox 451 1624 662 1661; x_wconf 67' lang='lat' dir='ltr'>weit-ersa</span> <span class='ocrx_word' id='word_1_144' title='bbox 692 1636 785 1676; x_wconf 81' lang='lat' dir='ltr'>rep.</span> <span class='ocrx_word' id='word_1_145' title='bbox 817 1626 1137 1669; x_wconf 72' lang='lat' dir='ltr'>intervenisse3</span> <span class='ocrx_word' id='word_1_146' title='bbox 1183 1635 1291 1673; x_wconf 78' lang='lat' dir='ltr'>uec,</span> <span class='ocrx_word' id='word_1_147' title='bbox 1326 1636 1454 1678; x_wconf 72' lang='lat' dir='ltr'>queem</span> <span class='ocrx_word' id='word_1_148' title='bbox 1489 1622 1633 1666; x_wconf 66' lang='lat' dir='ltr'>leones</span> 
     </span>
     <span class='ocr_line' id='line_1_19' title="bbox 136 1700 1637 1756; baseline 0.003 -15"><span class='ocrx_word' id='word_1_149' title='bbox 136 1714 277 1756; x_wconf 79' lang='lat' dir='ltr'>prope</span> <span class='ocrx_word' id='word_1_150' title='bbox 290 1700 351 1741; x_wconf 84' lang='lat' dir='ltr'>ad</span> <span class='ocrx_word' id='word_1_151' title='bbox 364 1706 520 1755; x_wconf 76' lang='lat' dir='ltr'>portas</span> <span class='ocrx_word' id='word_1_152' title='bbox 536 1706 695 1751; x_wconf 77' lang='lat' dir='ltr'>essent,</span> <span class='ocrx_word' id='word_1_153' title='bbox 714 1700 826 1742; x_wconf 80' lang='lat' dir='ltr'>bello</span> <span class='ocrx_word' id='word_1_154' title='bbox 838 1716 931 1756; x_wconf 79' lang='lat' dir='ltr'>proe</span> <span class='ocrx_word' id='word_1_155' title='bbox 939 1704 1120 1741; x_wconf 73' lang='lat' dir='ltr'>verIae&#39;sse</span> <span class='ocrx_word' id='word_1_156' title='bbox 1141 1701 1391 1756; x_wconf 77' lang='lat' dir='ltr'>quidquam,</span> <span class='ocrx_word' id='word_1_157' title='bbox 1407 1717 1501 1753; x_wconf 80' lang='lat' dir='ltr'>nec,</span> <span class='ocrx_word' id='word_1_158' title='bbox 1518 1707 1561 1745; x_wconf 76' lang='lat' dir='ltr'>si</span> <span class='ocrx_word' id='word_1_159' title='bbox 1575 1707 1637 1746; x_wconf 74' lang='lat' dir='ltr'>st‘t</span> 
     </span>
     <span class='ocr_line' id='line_1_20' title="bbox 143 1779 1633 1837; baseline 0.001 -16"><span class='ocrx_word' id='word_1_160' title='bbox 143 1789 224 1821; x_wconf 80' lang='lat' dir='ltr'>etc.</span> <span class='ocrx_word' id='word_1_161' title='bbox 242 1780 330 1822; x_wconf 83' lang='lat' dir='ltr'>Sed</span> <span class='ocrx_word' id='word_1_162' title='bbox 350 1794 429 1821; x_wconf 90' lang='lat' dir='ltr'>nec</span> <span class='ocrx_word' id='word_1_163' title='bbox 447 1779 692 1821; x_wconf 85' lang='lat' dir='ltr'>subiectum</span> <span class='ocrx_word' id='word_1_164' title='bbox 711 1780 896 1834; x_wconf 77' lang='lat' dir='ltr'>(patres)</span> <span class='ocrx_word' id='word_1_165' title='bbox 912 1779 1077 1820; x_wconf 84' lang='lat' dir='ltr'>sacilee</span> <span class='ocrx_word' id='word_1_166' title='bbox 1095 1779 1399 1836; x_wconf 82' lang='lat' dir='ltr'>superioribus</span> <span class='ocrx_word' id='word_1_167' title='bbox 1420 1783 1582 1837; x_wconf 80' lang='lat' dir='ltr'>petitur</span> <span class='ocrx_word' id='word_1_168' title='bbox 1603 1784 1633 1836; x_wconf 88' lang='lat'>¹)</span> 
     </span>
     <span class='ocr_line' id='line_1_21' title="bbox 141 1858 1633 1916; baseline 0.001 -15"><span class='ocrx_word' id='word_1_169' title='bbox 141 1873 223 1901; x_wconf 83' lang='lat' dir='ltr'>nec</span> <span class='ocrx_word' id='word_1_170' title='bbox 247 1860 394 1900; x_wconf 86' lang='lat' dir='ltr'>mendi</span> <span class='ocrx_word' id='word_1_171' title='bbox 425 1860 552 1916; x_wconf 80' lang='lat' dir='ltr'>origo</span> <span class='ocrx_word' id='word_1_172' title='bbox 574 1868 772 1916; x_wconf 86' lang='lat' dir='ltr'>apparet.</span> <span class='ocrx_word' id='word_1_173' title='bbox 836 1858 992 1915; x_wconf 85' lang='lat' dir='ltr'>ltaque</span> <span class='ocrx_word' id='word_1_174' title='bbox 1015 1858 1154 1900; x_wconf 86' lang='lat' dir='ltr'>multo</span> <span class='ocrx_word' id='word_1_175' title='bbox 1177 1859 1269 1901; x_wconf 80' lang='lat' dir='ltr'>haec</span> <span class='ocrx_word' id='word_1_176' title='bbox 1288 1869 1464 1916; x_wconf 68' lang='lat' dir='ltr'>praestat</span> <span class='ocrx_word' id='word_1_177' title='bbox 1484 1876 1633 1903; x_wconf 88' lang='lat' dir='ltr'>emen-</span> 
     </span>
     <span class='ocr_line' id='line_1_22' title="bbox 139 1938 1631 1994; baseline 0.002 -14"><span class='ocrx_word' id='word_1_178' title='bbox 139 1938 281 1980; x_wconf 81' lang='lat' dir='ltr'>datio:</span> <span class='ocrx_word' id='word_1_179' title='bbox 330 1952 412 1979; x_wconf 77' lang='lat' dir='ltr'>uec</span> <span class='ocrx_word' id='word_1_180' title='bbox 457 1952 630 1987; x_wconf 58' lang='lat' dir='ltr'>cosa,</span> <span class='ocrx_word' id='word_1_181' title='bbox 679 1952 807 1993; x_wconf 77' lang='lat' dir='ltr'>quum</span> <span class='ocrx_word' id='word_1_182' title='bbox 854 1961 909 1968; x_wconf 94' lang='lat'>—</span> <span class='ocrx_word' id='word_1_183' title='bbox 944 1944 1112 1989; x_wconf 70' lang='lat' dir='ltr'>essem,</span> <span class='ocrx_word' id='word_1_184' title='bbox 1154 1938 1193 1980; x_wconf 81' lang='lat' dir='ltr'>b.</span> <span class='ocrx_word' id='word_1_185' title='bbox 1222 1954 1268 1994; x_wconf 86' lang='lat' dir='ltr'>p.</span> <span class='ocrx_word' id='word_1_186' title='bbox 1304 1955 1370 1994; x_wconf 85' lang='lat' dir='ltr'>q.,</span> <span class='ocrx_word' id='word_1_187' title='bbox 1429 1954 1510 1981; x_wconf 80' lang='lat' dir='ltr'>nec</span> <span class='ocrx_word' id='word_1_188' title='bbox 1546 1950 1631 1983; x_wconf 78' lang='lat' dir='ltr'>etc·</span> 
     </span>
     <span class='ocr_line' id='line_1_23' title="bbox 139 2016 1632 2074; baseline 0.002 -15"><span class='ocrx_word' id='word_1_189' title='bbox 139 2018 332 2059; x_wconf 84' lang='lat' dir='ltr'>Primum</span> <span class='ocrx_word' id='word_1_190' title='bbox 374 2016 621 2069; x_wconf 80' lang='lat' dir='ltr'>Servilius,</span> <span class='ocrx_word' id='word_1_191' title='bbox 669 2017 771 2073; x_wconf 87' lang='lat' dir='ltr'>quid</span> <span class='ocrx_word' id='word_1_192' title='bbox 805 2018 899 2073; x_wconf 88' lang='lat' dir='ltr'>ipse</span> <span class='ocrx_word' id='word_1_193' title='bbox 930 2026 973 2058; x_wconf 88' lang='lat' dir='ltr'>et</span> <span class='ocrx_word' id='word_1_194' title='bbox 1008 2016 1210 2072; x_wconf 77' lang='lat' dir='ltr'>collega,</span> <span class='ocrx_word' id='word_1_195' title='bbox 1257 2017 1423 2074; x_wconf 87' lang='lat' dir='ltr'>publici</span> <span class='ocrx_word' id='word_1_196' title='bbox 1457 2019 1632 2062; x_wconf 81' lang='lat' dir='ltr'>consilii</span> 
     </span>
     <span class='ocr_line' id='line_1_24' title="bbox 141 2096 1632 2148; baseline 0.002 -10"><span class='ocrx_word' id='word_1_197' title='bbox 141 2097 468 2148; x_wconf 83' lang='lat' dir='ltr'>moderatores,</span> <span class='ocrx_word' id='word_1_198' title='bbox 511 2098 764 2138; x_wconf 86' lang='lat' dir='ltr'>necessario</span> <span class='ocrx_word' id='word_1_199' title='bbox 800 2096 1016 2147; x_wconf 77' lang='lat' dir='ltr'>fecerint,</span> <span class='ocrx_word' id='word_1_200' title='bbox 1064 2097 1197 2146; x_wconf 82' lang='lat' dir='ltr'>dicit3</span> <span class='ocrx_word' id='word_1_201' title='bbox 1236 2097 1421 2148; x_wconf 88' lang='lat' dir='ltr'>deinde,</span> <span class='ocrx_word' id='word_1_202' title='bbox 1457 2101 1632 2141; x_wconf 80' lang='lat' dir='ltr'>etiarnsi</span> 
     </span>
     <span class='ocr_line' id='line_1_25' title="bbox 139 2175 1628 2235; baseline 0.001 -17"><span class='ocrx_word' id='word_1_203' title='bbox 139 2177 356 2232; x_wconf 84' lang='lat' dir='ltr'>exiguum</span> <span class='ocrx_word' id='word_1_204' title='bbox 388 2191 414 2217; x_wconf 81' lang='lat' dir='ltr'>a</span> <span class='ocrx_word' id='word_1_205' title='bbox 450 2175 558 2218; x_wconf 87' lang='lat' dir='ltr'>belli</span> <span class='ocrx_word' id='word_1_206' title='bbox 590 2191 694 2218; x_wconf 83' lang='lat' dir='ltr'>cura</span> <span class='ocrx_word' id='word_1_207' title='bbox 731 2175 979 2217; x_wconf 76' lang='lat' dir='ltr'>laxamenti</span> <span class='ocrx_word' id='word_1_208' title='bbox 1012 2177 1095 2227; x_wconf 88' lang='lat' dir='ltr'>sit,</span> <span class='ocrx_word' id='word_1_209' title='bbox 1144 2191 1288 2233; x_wconf 90' lang='lat' dir='ltr'>neque</span> <span class='ocrx_word' id='word_1_210' title='bbox 1331 2176 1451 2233; x_wconf 77' lang='lat' dir='ltr'>plebi</span> <span class='ocrx_word' id='word_1_211' title='bbox 1487 2193 1628 2235; x_wconf 90' lang='lat' dir='ltr'>neque</span> 
     </span>
     <span class='ocr_line' id='line_1_26' title="bbox 141 2253 1215 2312; baseline 0.002 -16"><span class='ocrx_word' id='word_1_212' title='bbox 141 2253 340 2310; x_wconf 82' lang='lat' dir='ltr'>patribus</span> <span class='ocrx_word' id='word_1_213' title='bbox 373 2254 606 2298; x_wconf 83' lang='lat' dir='ltr'>honestum</span> <span class='ocrx_word' id='word_1_214' title='bbox 644 2270 758 2308; x_wconf 86' lang='lat' dir='ltr'>esse,</span> <span class='ocrx_word' id='word_1_215' title='bbox 790 2269 905 2297; x_wconf 92' lang='lat' dir='ltr'>nunc</span> <span class='ocrx_word' id='word_1_216' title='bbox 937 2255 1026 2297; x_wconf 90' lang='lat' dir='ltr'>alia</span> <span class='ocrx_word' id='word_1_217' title='bbox 1062 2257 1135 2312; x_wconf 83' lang='lat' dir='ltr'>agi</span> <span class='ocrx_word' id='word_1_218' title='bbox 1157 2256 1215 2305; x_wconf 83' lang='lat'>²).</span> 
     </span>
    </p>
   </div>
   <div class='ocr_carea' id='block_1_3' title="bbox 162 2442 1628 2866">
    <p class='ocr_par' dir='ltr' id='par_1_3' title="bbox 169 2442 1628 2739">
     <span class='ocr_line' id='line_1_27' title="bbox 169 2442 1628 2493; baseline 0.005 -18"><span class='ocrx_word' id='word_1_219' title='bbox 169 2446 198 2486; x_wconf 86' lang='grc' dir='ltr'>ι)</span> <span class='ocrx_word' id='word_1_220' title='bbox 234 2442 360 2477; x_wconf 77' lang='lat' dir='ltr'>Video</span> <span class='ocrx_word' id='word_1_221' title='bbox 388 2442 573 2481; x_wconf 79' lang='lat' dir='ltr'>dubitari,</span> <span class='ocrx_word' id='word_1_222' title='bbox 595 2455 642 2478; x_wconf 84' lang='lat' dir='ltr'>an</span> <span class='ocrx_word' id='word_1_223' title='bbox 668 2444 888 2479; x_wconf 80' lang='lat' dir='ltr'>subiectum</span> <span class='ocrx_word' id='word_1_224' title='bbox 912 2445 962 2479; x_wconf 85' lang='lat' dir='ltr'>sit</span> <span class='ocrx_word' id='word_1_225' title='bbox 988 2447 1207 2493; x_wconf 79' lang='lat' dir='ltr'>quidquam.</span> <span class='ocrx_word' id='word_1_226' title='bbox 1251 2445 1327 2480; x_wconf 84' lang='lat' dir='ltr'>Sed</span> <span class='ocrx_word' id='word_1_227' title='bbox 1355 2458 1414 2480; x_wconf 78' lang='lat' dir='ltr'>res</span> <span class='ocrx_word' id='word_1_228' title='bbox 1431 2448 1628 2491; x_wconf 75' lang='lat' dir='ltr'>proevertc’t</span> 
     </span>
     <span class='ocr_line' id='line_1_28' title="bbox 231 2505 1626 2555; baseline 0.004 -17"><span class='ocrx_word' id='word_1_229' title='bbox 231 2506 289 2540; x_wconf 76' lang='lat' dir='ltr'>rei</span> <span class='ocrx_word' id='word_1_230' title='bbox 313 2505 491 2539; x_wconf 83' lang='lat' dir='ltr'>Latinum</span> <span class='ocrx_word' id='word_1_231' title='bbox 527 2517 610 2555; x_wconf 68' lang='lat' dir='ltr'>⁴nun</span> <span class='ocrx_word' id='word_1_232' title='bbox 638 2510 706 2541; x_wconf 83' lang='lat' dir='ltr'>est.</span> <span class='ocrx_word' id='word_1_233' title='bbox 757 2506 816 2539; x_wconf 86' lang='lat' dir='ltr'>Ex</span> <span class='ocrx_word' id='word_1_234' title='bbox 852 2505 1005 2540; x_wconf 86' lang='lat' dir='ltr'>duobus</span> <span class='ocrx_word' id='word_1_235' title='bbox 1032 2507 1160 2540; x_wconf 83' lang='lat' dir='ltr'>Plauti</span> <span class='ocrx_word' id='word_1_236' title='bbox 1188 2506 1301 2547; x_wconf 80' lang='lat' dir='ltr'>locis,</span> <span class='ocrx_word' id='word_1_237' title='bbox 1330 2518 1427 2554; x_wconf 89' lang='lat' dir='ltr'>quos</span> <span class='ocrx_word' id='word_1_238' title='bbox 1455 2506 1626 2544; x_wconf 82' lang='lat' dir='ltr'>Schelle·</span> 
     </span>
     <span class='ocr_line' id='line_1_29' title="bbox 232 2565 1626 2614; baseline 0.003 -12"><span class='ocrx_word' id='word_1_239' title='bbox 232 2579 299 2602; x_wconf 82' lang='lat' dir='ltr'>rus</span> <span class='ocrx_word' id='word_1_240' title='bbox 328 2567 436 2608; x_wconf 81' lang='lat' dir='ltr'>citat,</span> <span class='ocrx_word' id='word_1_241' title='bbox 474 2566 513 2600; x_wconf 87' lang='lat' dir='ltr'>in</span> <span class='ocrx_word' id='word_1_242' title='bbox 543 2565 666 2601; x_wconf 74' lang='lat' dir='ltr'>altero</span> <span class='ocrx_word' id='word_1_243' title='bbox 703 2565 916 2614; x_wconf 75' lang='lat' dir='ltr'>(Amphitr.</span> <span class='ocrx_word' id='word_1_244' title='bbox 944 2566 991 2608; x_wconf 73' lang='lat' dir='ltr'>V,</span> <span class='ocrx_word' id='word_1_245' title='bbox 1023 2571 1055 2608; x_wconf 86' lang='lat'>1,</span> <span class='ocrx_word' id='word_1_246' title='bbox 1083 2572 1157 2610; x_wconf 88' lang='lat'>16),</span> <span class='ocrx_word' id='word_1_247' title='bbox 1184 2568 1250 2602; x_wconf 87' lang='lat' dir='ltr'>ubi</span> <span class='ocrx_word' id='word_1_248' title='bbox 1273 2567 1426 2603; x_wconf 73' lang='lat' dir='ltr'>dativus</span> <span class='ocrx_word' id='word_1_249' title='bbox 1452 2582 1531 2605; x_wconf 91' lang='lat' dir='ltr'>non</span> <span class='ocrx_word' id='word_1_250' title='bbox 1556 2576 1626 2613; x_wconf 77' lang='lat' dir='ltr'>est,</span> 
     </span>
     <span class='ocr_line' id='line_1_30' title="bbox 227 2628 1624 2676; baseline 0.006 -15"><span class='ocrx_word' id='word_1_251' title='bbox 227 2630 421 2676; x_wconf 62' lang='lat' dir='ltr'>praevertit</span> <span class='ocrx_word' id='word_1_252' title='bbox 462 2628 658 2674; x_wconf 76' lang='lat' dir='ltr'>significat</span> <span class='ocrx_word' id='word_1_253' title='bbox 691 2631 887 2674; x_wconf 78' lang='lat' dir='ltr'>proemlet,</span> <span class='ocrx_word' id='word_1_254' title='bbox 922 2630 1041 2664; x_wconf 75' lang='lat' dir='ltr'>vincit</span> <span class='ocrx_word' id='word_1_255' title='bbox 1078 2628 1164 2672; x_wconf 79' lang='lat' dir='ltr'>(cfr.</span> <span class='ocrx_word' id='word_1_256' title='bbox 1208 2628 1350 2665; x_wconf 78' lang='lat' dir='ltr'>Schell.</span> <span class='ocrx_word' id='word_1_257' title='bbox 1378 2635 1401 2665; x_wconf 86' lang='lat'><strong>2</strong></span> <span class='ocrx_word' id='word_1_258' title='bbox 1427 2645 1446 2668; x_wconf 87' lang='lat' dir='ltr'>e</span> <span class='ocrx_word' id='word_1_259' title='bbox 1472 2636 1510 2667; x_wconf 77' lang='lat' dir='ltr'>et</span> <span class='ocrx_word' id='word_1_260' title='bbox 1537 2632 1624 2671; x_wconf 84' lang='lat' dir='ltr'>Cic.</span> 
     </span>
     <span class='ocr_line' id='line_1_31' title="bbox 231 2690 1525 2739; baseline 0.002 -13"><span class='ocrx_word' id='word_1_261' title='bbox 231 2690 306 2726; x_wconf 79' lang='lat' dir='ltr'>Off.</span> <span class='ocrx_word' id='word_1_262' title='bbox 335 2691 391 2725; x_wconf 84' lang='grc' dir='ltr'>ΙΙΙ</span> <span class='ocrx_word' id='word_1_263' title='bbox 419 2693 440 2734; x_wconf 72' lang='grc'>5</span> <span class='ocrx_word' id='word_1_264' title='bbox 470 2694 569 2735; x_wconf 77' lang='lat'>102),</span> <span class='ocrx_word' id='word_1_265' title='bbox 597 2691 760 2725; x_wconf 81' lang='lat' dir='ltr'>alterum</span> <span class='ocrx_word' id='word_1_266' title='bbox 791 2690 1014 2725; x_wconf 77' lang='lat' dir='ltr'>Schellerus</span> <span class='ocrx_word' id='word_1_267' title='bbox 1042 2691 1126 2738; x_wconf 86' lang='lat' dir='ltr'>ipse</span> <span class='ocrx_word' id='word_1_268' title='bbox 1153 2691 1291 2726; x_wconf 82' lang='lat' dir='ltr'>melius</span> <span class='ocrx_word' id='word_1_269' title='bbox 1318 2693 1525 2739; x_wconf 78' lang='lat' dir='ltr'>expedivit.</span> 
     </span>
    </p>

    <p class='ocr_par' dir='ltr' id='par_1_4' title="bbox 162 2752 1625 2866">
     <span class='ocr_line' id='line_1_32' title="bbox 162 2752 1623 2796; baseline 0.003 -9"><span class='ocrx_word' id='word_1_270' title='bbox 162 2755 195 2796; x_wconf 85' lang='lat'>²)</span> <span class='ocrx_word' id='word_1_271' title='bbox 231 2752 277 2788; x_wconf 81' lang='lat' dir='ltr'>ln</span> <span class='ocrx_word' id='word_1_272' title='bbox 316 2758 544 2788; x_wconf 77' lang='lat' dir='ltr'>transcursu</span> <span class='ocrx_word' id='word_1_273' title='bbox 578 2753 693 2788; x_wconf 77' lang='lat' dir='ltr'>velim</span> <span class='ocrx_word' id='word_1_274' title='bbox 730 2753 771 2787; x_wconf 83' lang='lat' dir='ltr'>in</span> <span class='ocrx_word' id='word_1_275' title='bbox 809 2753 908 2787; x_wconf 76' lang='lat' dir='ltr'>Livii</span> <span class='ocrx_word' id='word_1_276' title='bbox 942 2753 1030 2788; x_wconf 87' lang='lat' dir='ltr'>loco</span> <span class='ocrx_word' id='word_1_277' title='bbox 1065 2753 1214 2788; x_wconf 84' lang='lat' dir='ltr'>attendi</span> <span class='ocrx_word' id='word_1_278' title='bbox 1253 2754 1300 2788; x_wconf 82' lang='lat' dir='ltr'>ad</span> <span class='ocrx_word' id='word_1_279' title='bbox 1339 2755 1623 2796; x_wconf 64' lang='lat' dir='ltr'>aun-columam</span> 
     </span>
     <span class='ocr_line' id='line_1_33' title="bbox 231 2816 1625 2866; baseline 0.004 -18"><span class='ocrx_word' id='word_1_280' title='bbox 231 2826 317 2849; x_wconf 80' lang='lat' dir='ltr'>nam</span> <span class='ocrx_word' id='word_1_281' title='bbox 355 2828 475 2863; x_wconf 85' lang='lat' dir='ltr'>quum</span> <span class='ocrx_word' id='word_1_282' title='bbox 513 2816 720 2852; x_wconf 83' lang='lat' dir='ltr'>dicendum</span> <span class='ocrx_word' id='word_1_283' title='bbox 754 2821 877 2852; x_wconf 72' lang='lat' dir='ltr'>esset:</span> <span class='ocrx_word' id='word_1_284' title='bbox 922 2828 1039 2866; x_wconf 78' lang='lat' dir='ltr'>neque</span> <span class='ocrx_word' id='word_1_285' title='bbox 1070 2822 1156 2852; x_wconf 75' lang='lat' dir='ltr'>caut</span> <span class='ocrx_word' id='word_1_286' title='bbox 1192 2817 1298 2863; x_wconf 73' lang='lat' dir='ltr'><em>plebi</em></span> <span class='ocrx_word' id='word_1_287' title='bbox 1320 2819 1516 2854; x_wconf 74' lang='lat' dir='ltr'>honestum</span> <span class='ocrx_word' id='word_1_288' title='bbox 1546 2831 1625 2854; x_wconf 78' lang='lat' dir='ltr'>esse</span> 
     </span>
    </p>
   </div>
  </div>
 </body>
</html>
