1821 3309
1411 172 1509 221 223

127 318 428 374 Sulpicianam
459 320 561 360 inde
591 319 767 359 classem
798 313 1110 371 profectus
1136 321 1217 356 est
1253 314 1469 366 Vibonem,
1501 315 1573 356 ubi

125 398 405 439 manifestum
442 407 520 448 est,
555 412 682 452 quum
719 397 923 450 scriptum
955 404 1069 435 esset
1103 394 1301 448 oppidum
1336 394 1575 445 dffensum,

123 487 169 518 ut
201 491 330 517 unum
366 483 430 516 est
460 477 511 517 ad
544 477 627 516 duo
668 475 894 530 participia
925 475 1208 514 communiter
1241 475 1492 527 pertineret,
1524 474 1575 515 li-

122 555 264 596 brario
313 554 445 595 alicui
495 553 675 594 verbum
731 552 972 593 addendum
1016 554 1156 592 visum
1206 565 1327 609 esse..
1376 552 1573 594 Suetonii

118 636 220 675 item
261 648 371 674 unus
415 633 660 674 huiusmodi
707 641 772 673 est
815 631 937 672 locus
985 630 1055 671 vel
1098 632 1243 685 potius
1286 630 1491 685 Augusti,
1530 634 1572 672 in

119 712 303 754 Claudio
334 728 370 754 c.
404 714 456 754 4:
491 713 598 768 qecz'd
626 718 702 762 est,
734 711 848 767 qnod
879 710 1130 759 deibe‘temus,
1163 713 1266 764 quin
1296 723 1378 763 per
1408 711 1572 752 eosdem

118 793 328 834 articulos
359 798 400 833 el
429 791 597 846 gradus
618 790 924 846 producendus
955 793 1026 840 sil,
1057 801 1137 843 per
1169 802 1272 843 quos
1299 787 1447 835 frater
1481 794 1574 831 eius

111 870 470 926 prodaccusfeac.
530 871 615 911 Sed
639 870 779 911 codex
804 870 993 910 omnium
1017 869 1412 924 praestantissimus,
1434 868 1573 911 Mem-

119 952 288 991 mianus
319 949 549 1000 Salmasii‚
592 958 634 989 et
667 964 749 990 sex
779 948 853 989 alii
884 948 994 1003 apud
1025 947 1381 1002 Oudendorpium
1415 948 1571 990 habent

112 1030 350 1082 productas
374 1033 446 1079 sit,
478 1038 628 1083 estque
656 1029 958 1068 coniunctirus
987 1036 1113 1080 aptus
1144 1025 1196 1066 ad
1224 1025 1446 1082 obliquam
1475 1043 1571 1069 ora-

117 1108 247 1148 tionis
293 1107 491 1148 formam.
555 1107 684 1162 Apud
735 1106 960 1147 Valerium
1003 1105 1252 1146 Maximum
1302 1105 1413 1157 VH,
1454 1109 1505 1156 4,
1545 1109 1572 1148 2

117 1185 300 1242 Pighius
346 1186 504 1228 edidit:
544 1190 744 1240 quoniam
787 1186 960 1240 decepti
1002 1189 1140 1239 magis
1172 1199 1296 1240 qnam
1341 1185 1570 1235 molismi—

114 1279 217 1307 mus.
283 1265 369 1307 Sed
415 1265 656 1307 Torrenius
697 1266 921 1306 adnotavit
963 1265 1201 1305 ”editiones
1233 1273 1332 1305 ante
1366 1265 1570 1321 Pighium

114 1344 328 1386 exhibere
378 1360 474 1386 cum
517 1345 718 1386 omnibus
764 1345 854 1385 fere
901 1343 1031 1385 MSS.
1073 1357 1197 1399 qtmm
1239 1348 1350 1384 vicli
1389 1346 1570 1393 snmus'}

114 1424 243 1478 idque
274 1433 389 1465 recte
420 1426 455 1464 is
488 1426 689 1465 restituit.
746 1423 845 1464 Non
879 1422 1017 1463 habeo
1047 1423 1159 1478 quod
1192 1422 1343 1463 addam
1378 1438 1400 1463 e
1432 1438 1570 1479 prosae

115 1504 325 1543 orationis
382 1503 666 1559 scriptoribus
715 1504 797 1543 nisi
850 1501 1045 1543 Cornelii
1100 1500 1283 1557 Nepotis
1334 1501 1476 1544 locum
1526 1505 1570 1544 in

115 1582 310 1636 Epamin.
332 1585 409 1623 c.8
437 1581 822 1636 (unsnsfin'l)‚ubi
847 1582 1072 1622 sententiaa
1095 1580 1567 1636 plusquamperfectum

113 1662 478 1702 accommodatius
531 1671 661 1703 esset.
741 1661 978 1716 Equidem,
1021 1663 1092 1716 qui
1139 1660 1217 1700 bas
1268 1662 1379 1701 ritas
1432 1663 1570 1717 ipsius

111 1739 306 1781 Cornelii
337 1756 433 1782 esse
469 1742 627 1790 iudico,
659 1750 732 1781 aut
760 1741 925 1790 ficerat
963 1740 1237 1780 scribendum
1273 1748 1376 1792 puto
1410 1749 1483 1780 aut
1514 1756 1566 1781 ex

108 1826 260 1861 ausust
315 1821 475 1861 factum
519 1835 615 1861 esse
664 1834 795 1860 ausus
836 1818 953 1869 fult.
1019 1819 1066 1860 In
1111 1829 1338 1875 poetarum
1374 1819 1568 1860 melioris

106 1900 244 1940 aetatis
272 1898 395 1940 libris
425 1914 563 1955 neque
595 1901 686 1954 ipse
712 1902 938 1954 quicquam
970 1899 1217 1939 huiusmodi
1249 1900 1397 1939 notavi
1429 1913 1568 1954 neque

105 1976 160 2018 ab
187 1977 286 2018 aliis
310 1979 558 2019 adnotatum
595 1979 720 2018 video
756 1987 909 2033 praeter
945 1993 1074 2017 unum
1112 1977 1326 2032 Propertii
1372 1978 1566 2033 duosque

106 2064 180 2096 aut
222 2065 308 2097 tres
352 2056 503 2098 Ovidii
549 2057 694 2105 locos,
750 2058 822 2112 qui
866 2056 1119 2112 diligentius
1163 2057 1346 2111 inspecti
1390 2071 1567 2112 prorsus

106 2136 361 2188 eripiuntur.
419 2136 532 2178 Nam
569 2137 819 2192 Propertius
852 2136 918 2176 his
951 2135 1095 2177 verbis
1127 2135 1202 2188 (ll,
1232 2137 1300 2185 32,
1329 2136 1393 2188 2):
1425 2136 1567 2176 I’orl‘e’-

106 2228 180 2256 cus
212 2229 239 2255 a
270 2229 424 2270 magno
452 2215 619 2256 Coesare
651 2222 805 2270 aperta
824 2214 940 2265 fail,
974 2230 1056 2255 non
1092 2215 1171 2255 boc
1202 2215 1328 2255 dicit:
1361 2214 1565 2269 ΒιιρὲζαιιΝ

102 2306 189 2346 gen
227 2292 321 2334 hlev
366 2294 525 2335 {tubuel
560 2295 702 2345 (ward
730 2295 1002 2349 geoeffieet),
1035 2294 1109 2334 sed
1145 2294 1248 2334 hoc:
1282 2309 1362 2334 var
1392 2293 1564 2342 (tubuel,

104 2371 202 2410 stod
216 2371 374 2412 aabuet
391 2372 450 2420 af
465 2373 509 2413 C.
532 2373 679 2426 (slaml
694 2388 732 2413 v.
757 2373 800 2413 C.
817 2373 1076 2426 geoeffieet).
1107 2373 1293 2413 Ovidius
1312 2373 1427 2413 Fast.
1449 2374 1489 2422 1,
1509 2374 1564 2412 42

105 2447 240 2500 (Quae
279 2454 488 2505 sequitur,
535 2464 708 2491 numero
749 2450 880 2490 turba
923 2456 1075 2490 notata
1105 2449 1243 2503 fall),
1283 2451 1318 2490 si
1360 2465 1464 2490 vera
1499 2459 1563 2490 est

103 2530 332 2584 scriptura,
378 2529 498 2578 dicit,
545 2529 903 2584 quemadmodum
948 2528 1160 2570 Romulus
1190 2538 1360 2569 notatos
1393 2544 1563 2570 menses

103 2606 307 2649 babuerit
341 2618 440 2649 ante
477 2623 604 2664 quam
637 2608 723 2649 duo
756 2623 780 2648 a
811 2606 953 2648 Numa
987 2609 1274 2656 adderentur3
1313 2609 1387 2649 sed
1418 2617 1562 2650 tamen

103 2701 212 2727 unus
240 2687 458 2743 perbonus
485 2688 623 2728 codex
657 2688 785 2744 (apud
815 2686 1098 2742 Merkelium)
1125 2687 1276 2729 babet:
1304 2695 1458 2730 notata
1484 2703 1559 2730 suo

103 2771 192 2814 ese,
225 2766 309 2808 duo
359 2767 434 2809 alii
479 2773 632 2808 notula
669 2781 761 2808 suo.
824 2766 1031 2808 Eiusdem
1076 2767 1177 2808 libri
1210 2783 1362 2809 versus
1402 2770 1485 2809 238
1516 2770 1558 2809 in

102 2842 303 2897 plurimis
347 2855 390 2886 et
431 2847 606 2902 optimis
652 2844 873 2887 codicibus
913 2848 1030 2887 etin
1072 2846 1292 2902 plerisque
1338 2848 1557 2903 exemplis

104 2922 230 2962 oditis
263 2933 376 2964 recte
407 2926 468 2965 sic
499 2925 725 2967 scribitur:
761 2924 893 2966 Dicta
926 2939 1092 2980 qnoque
1123 2932 1187 2967 est
1218 2926 1394 2967 Latium
1422 2933 1555 2977 terra,
