1821 3309
1476 190 1571 243 173

440 335 549 377 Nam
582 344 738 390 praeter
773 335 920 393 pelagi
953 347 1079 378 casus
1113 341 1155 375 et
1189 332 1386 376 fulminis
1418 335 1550 377 ictum

435 416 592 456 evasit.

280 491 459 533 fefellit
490 498 534 533 et
564 507 641 547 pro
670 496 801 533 eliam
836 493 949 532 inter
983 490 1093 531 duos
1124 490 1400 531 accusativos
1431 492 1636 546 positum.

168 569 342 611 Deinde
377 579 492 612 recte
516 570 741 613 XVeberus
773 578 815 611 et
848 568 1117 611 Schmidtius
1140 568 1481 623 descriptionem
1525 571 1636 612 ictus

164 648 343 702 (Densoe
394 651 557 692 coelum
599 649 866 691 abscondere
909 646 1100 690 teuebroe
1142 646 1274 688 Nube
1303 661 1406 698 una,
1448 649 1635 691 subitus-

165 742 246 783 que
275 734 492 771 antennas
522 731 696 784 impuli!
725 731 860 784 ignis)
890 735 1049 784 puncto
1081 727 1316 782 diiungunt
1345 726 1400 768 ab
1434 728 1504 779 iis,
1539 742 1635 784 quae

163 808 381 862 pertinent
413 807 465 848 ad
503 809 597 850 eius
629 809 833 850 effectum
867 806 1270 858 demonstrandum,
1315 814 1361 846 ut
1395 805 1487 849 hacc
1517 822 1633 849 nova

162 886 215 924 sit
248 888 489 929 sententia:

431 999 575 1049 Quum
598 1012 644 1039 se
666 999 848 1054 quisque
867 997 944 1038 illo
967 1010 1221 1053 percussum
1245 996 1442 1037 crederet
1463 1005 1503 1038 et
1527 1011 1628 1038 mox

427 1077 653 1118 Attonitus
686 1076 853 1117 nullum
888 1076 1077 1117 conferri
1113 1089 1240 1131 posse
1277 1085 1451 1130 putaret

428 1154 717 1210 Naufragium
750 1154 865 1196 velis
899 1154 1173 1201 ardentibus,
1202 1155 1348 1196 omnia
1384 1154 1494 1196 fiunt

425 1233 573 1285 Talia,
605 1243 691 1276 tam
724 1235 935 1291 graviter,
966 1235 1002 1275 si
1035 1234 1207 1290 qnando
1240 1235 1410 1289 poetica
1433 1236 1574 1291 surgit

427 1311 704 1369 Tempestas.

158 1438 244 1480 Sed
292 1438 420 1480 facile
463 1453 614 1480 omnes
655 1441 874 1492 sentient,
937 1449 1138 1482 extrema
1185 1440 1275 1482 haec
1326 1440 1497 1481 exitum
1543 1454 1628 1481 non

158 1516 334 1569 habere,
366 1533 498 1574 quum
526 1527 568 1559 et
593 1520 947 1574 comparationis,
982 1519 1127 1560 verbis
1158 1520 1271 1560 {alia
1301 1527 1343 1559 et
1372 1525 1459 1560 lam
1491 1520 1629 1574 signi-

158 1595 312 1647 ficatze,
358 1597 544 1639 alterum
582 1598 822 1639 membrum
861 1599 989 1649 desit,
1026 1606 1066 1638 et
1104 1598 1210 1638 illud
1248 1599 1283 1638 si
1318 1599 1508 1653 quando,
1542 1614 1628 1655 quo

156 1675 387 1727 referatur,
429 1691 514 1717 non
559 1676 732 1718 habeat.
792 1677 960 1732 Lepide
1005 1677 1112 1728 haec,
1154 1691 1247 1731 quae
1289 1690 1419 1717 sensu
1463 1687 1626 1730 carent,

155 1763 341 1795 excusat
386 1754 669 1797 Schmidtins.
728 1754 841 1797 Nam
886 1764 928 1796 et
978 1756 1091 1811 apud
1138 1753 1395 1796 Ciceronem
1439 1757 1490 1797 ad
1539 1764 1627 1798 {nm

153 1832 411 1889 particulam
459 1842 505 1874 ut
547 1833 616 1875 hie
651 1833 703 1875 ad
739 1839 824 1875 tam
871 1835 1023 1876 referri
1056 1833 1269 1890 siquando
1317 1834 1504 1886 (utinam
1538 1841 1625 1877 lum

152 1926 283 1953 essem
316 1918 460 1963 mans,
492 1917 534 1954 ει·
560 1913 733 1968 qnando
766 1914 961 1956 Romani
992 1913 1107 1954 dona
1138 1916 1341 1966 accipere
1366 1918 1626 1969 coepissent,

151 1991 204 2032 de
248 1991 339 2031 Off.
381 1990 437 2042 11,
480 1992 568 2045 21).
628 1990 782 2047 Itaque
827 2006 886 2032 ex
931 2006 999 2043 eo,
1047 1991 1161 2047 quod
1203 1990 1353 2031 Latini
1400 1993 1625 2047 particulae

152 2070 507 2112 demonstrativae
525 2068 716 2111 definitae
740 2069 977 2112 subiiciunt
1008 2069 1239 2111 relativam
1271 2085 1356 2111 non
1384 2069 1627 2123 definitam,

151 2163 329 2205 prorsus
364 2158 411 2190 ut
450 2149 599 2190 dicunt
633 2153 687 2200 is,
730 2153 771 2191 se·
801 2154 911 2205 quis,
943 2151 1157 2205 sequitur,
1189 2150 1274 2190 dici
1308 2151 1439 2191 etiam
1474 2155 1630 2191 lam-si

149 2242 228 2282 pro
253 2230 521 2284 lam-quam!
552 2227 723 2270 Deinde
746 2229 865 2270 addit
889 2229 1293 2285 interpretationem
1314 2227 1624 2272 Germanicam

150 2306 426 2348 huiusmodi:
483 2306 582 2348 Und
620 2309 687 2349 als
727 2312 793 2349 sie
835 2321 924 2349 mm
967 2311 1012 2348 in
1056 2307 1352 2358 'adessem-elec
1385 2307 1622 2357 schenden,

150 2383 208 2424 da
236 2383 465 2438 geschielet
493 2387 602 2426 alles
633 2390 679 2426 in
706 2385 905 2441 gleicher
945 2385 1007 2425 W
1005 2390 1094 2426 eise
1125 2400 1171 2426 so
1191 2386 1313 2437 sort,
1345 2390 1423 2425 mit
1454 2385 1625 2427 solcker

148 2461 418 2517 Heflz’gkez‘t,
456 2476 581 2504 metm
625 2465 791 2504 eimau!
819 2467 890 2504 ein
924 2461 1072 2504 Sliimn
1107 2462 1199 2503 sich
1232 2462 1310 2516 bey
1342 2462 1425 2503 den
1458 2463 1622 2505 Poecen

149 2539 327 2582 erleebl!
359 2542 469 2583 Sunt
500 2543 633 2593 enim,
665 2544 736 2598 qui
768 2550 934 2597 putent,
964 2556 1028 2592 se,
1060 2556 1191 2597 quum
1218 2541 1389 2583 Latinis
1421 2541 1622 2583 absurdis

149 2618 339 2661 absurda
383 2619 646 2662 Germanica
690 2621 944 2672 adiecerint,
986 2619 1064 2661 illa
1107 2619 1315 2676 praeclare
1357 2619 1622 2672 defendisse,

97 2702 100 2703 ⁷
150 2699 262 2753 quod
286 2713 427 2755 genus
450 2701 609 2741 criticae
634 2701 764 2741 etiam
801 2701 843 2740 in
870 2698 1096 2741 Ciceronis
1127 2701 1300 2756 scriptis
1332 2713 1446 2741 nunc
1477 2701 1620 2756 ipsum

150 2786 326 2818 strenue
370 2793 395 2819 a
437 2777 662 2820 nonnullis
704 2780 906 2820 exerceri
953 2779 1097 2821 video.
1167 2779 1396 2822 Sententia
1439 2780 1619 2830 orietur,

150 2856 186 2896 si
222 2855 438 2898 addideris
478 2859 544 2899 uls
585 2859 677 2907 (als
714 2861 871 2911 menn).
943 2859 1028 2901 Sed
1070 2858 1153 2901 hoc
1196 2872 1368 2915 quoque
1414 2858 1616 2900 mendum
