1821 3309
1415 222 1509 270 251

115 370 161 402 ut
204 361 433 403 Ernestius
471 363 535 413 (in
584 360 698 402 clavi
728 359 854 413 Cic.),
886 358 1201 415 Beneckiusl),
1232 361 1504 416 Klotzius2),
1540 372 1583 404 ut

116 443 390 496 nuperrimos
437 441 672 480 nominem.
739 438 794 478 Et
840 447 983 478 tamen
1032 449 1203 480 veteres
1246 441 1330 490 illi,
1375 443 1585 497 Sigonius

115 530 158 562 et
197 519 433 569 GruchiuS,
476 518 559 558 hoc
602 516 759 557 saltem
810 517 1023 566 viderant,
1074 519 1250 559 tertium
1292 519 1402 560 illud
1445 535 1585 576 genus

116 597 323 648 iudicum,
357 599 430 652 qui
462 594 741 636 senatoribus
776 603 819 634 et
850 594 1071 650 equitibus
1109 596 1468 652 adiungerentur,
1501 614 1584 639 non

115 677 309 732 potuisse
351 690 409 716 ex
447 676 706 730 magistratu
739 672 886 727 aliquo
928 675 1056 723 sumi,
1089 675 1163 714 sed
1196 690 1254 715 ex
1291 677 1443 717 ordine
1479 692 1584 733 quo-

115 755 212 796 dam
248 764 291 796 et
313 769 475 810 genere
503 761 712 808 perpetuo
737 753 923 799 civium3
954 753 1102 807 itaque
1133 755 1414 807 magistratus
1449 755 1585 795 fuisse

117 833 315 875 tribunos
357 834 536 874 aerarios
584 840 855 887 negaverant
874 831 922 884 3).
1001 831 1088 872 Sed
1136 841 1225 873 tota
1271 831 1349 874 illa
1394 835 1588 888 pecuniae

118 911 305 968 publicae
348 913 549 953 tractatio
580 919 636 968 >et
679 910 885 965 stipendii
929 912 1172 951 numeratio
1211 920 1296 952 tam
1343 921 1407 952 est
1440 911 1493 952 ab
1537 913 1590 951 iis

118 991 305 1032 tribunis
347 992 529 1041 aerariis,
573 1003 698 1044 quos,
750 987 879 1029 Cotta
922 989 1107 1038 ferente,
1162 990 1351 1044 populus
1396 991 1588 1031 iudicare

122 1071 264 1120 iussit,
305 1069 473 1118 aliena,
527 1076 574 1108 ut
621 1068 699 1106 vix
746 1068 907 1116 sciam,
965 1066 1078 1106 unde
1120 1066 1324 1108 refellere
1370 1069 1589 1122 incipiam.

122 1148 314 1188 Primum
360 1160 522 1203 quaero,
571 1147 613 1185 in
655 1146 1071 1185 commemoratione
1116 1160 1261 1186 rerum
1302 1146 1354 1186 ad
1390 1149 1589 1187 aerarium

123 1235 165 1268 et
208 1226 260 1267 ad
302 1227 531 1282 pecuniam
569 1223 791 1277 publicam
836 1225 1163 1278 pertinentium,
1209 1238 1302 1280 quae
1344 1224 1516 1266 infinita
1550 1235 1591 1266 et

122 1304 360 1359 multiplex
392 1313 459 1345 est
490 1302 602 1358 apud
636 1302 849 1356 plurimos
885 1303 1136 1356 scriptores,
1168 1303 1243 1344 ubi
1279 1304 1359 1345 hac
1389 1313 1520 1345 :etate
1549 1315 1591 1345 et

121 1386 300 1426 omnino
331 1391 428 1439 post
460 1381 585 1422 illam
614 1381 903 1422 vetustissimi
931 1382 1119 1421 instituti
1151 1382 1266 1436 apud
1295 1381 1505 1423 Catonem
1531 1397 1587 1423 ex

121 1464 348 1518 superiore
392 1469 518 1501 {etate
565 1462 795 1515 repetitam
853 1461 1108 1500 memoriam
1160 1460 1252 1501 ulla
1300 1463 1356 1501 sit
1412 1463 1591 1511 mentio,

120 1541 258 1582 ullum
286 1541 520 1596 vestigium
550 1538 704 1579 horum
732 1537 1021 1579 tribunorum.
1079 1538 1267 1590 Deinde,
1300 1541 1373 1594 qui
1403 1542 1593 1594 potuerit

121 1621 298 1661 omnino
342 1620 406 1659 eis
449 1617 572 1658 locus
618 1631 731 1668 esse,
772 1632 934 1673 quaero,
980 1626 1054 1658 aut
1088 1618 1200 1672 quod
1237 1632 1387 1658 eorum
1421 1632 1591 1659 munus,

123 1697 234 1740 Nam
281 1697 394 1752 quod
441 1697 650 1752 Sigonius
695 1695 741 1749 (l.
791 1694 888 1750 cit.)
939 1710 1015 1736 eos
1056 1697 1287 1751 pecuniam
1332 1711 1391 1737 ex
1438 1698 1591 1737 {erario

119 1777 329 1833 quaestori
377 1774 652 1830 proconsulis
698 1783 740 1814 et
775 1776 993 1815 exercitui
1035 1789 1242 1829 erogasse
1275 1775 1394 1825 dicit,
1430 1775 1590 1830 aliquid

126 1869 185 1896 ex
217 1854 410 1896 confusis
441 1853 623 1895 Asconii
655 1851 878 1893 subditicii
915 1852 1059 1893 verbis
1094 1838 1254 1893 elicere
1295 1854 1490 1905 studens,
1522 1854 1594 1895 de-

125 1934 312 1975 buerunt
354 1932 395 1973 id
428 1932 577 1973 Romae
608 1931 770 1981 facere,
801 1929 876 1971 ubi
909 1933 1110 1971 {erarium
1147 1940 1266 1980 erat3
1299 1933 1359 1984 (et
1390 1932 1450 1972 ibi
1483 1933 1594 1973 iudi-

123 2010 278 2053 cabant
296 2014 326 2062 3)
359 2018 403 2051 at
433 2011 658 2051 exercitus
689 2008 767 2049 illa
801 2017 927 2049 aetate
959 2010 1003 2049 in
1035 2011 1274 2065 provinciis
1305 2019 1429 2050 erant
1463 2020 1506 2051 et
1534 2011 1593 2052 ibi

150 2157 182 2200 ¹)
221 2153 283 2188 Ad
319 2153 437 2192 Catil.
466 2154 541 2195 lv,
567 2158 611 2195 7,
639 2156 691 2187 15.
768 2153 842 2186 llic
869 2152 983 2186 etiam
1011 2151 1140 2188 addit:
1179 2152 1252 2186 Die
1276 2149 1440 2185 Tribuni
1471 2152 1593 2184 :erarii

215 2215 376 2249 wurden
405 2228 473 2250 zur
502 2214 782 2262 geriehtliclien
808 2213 1102 2259 Entselieidung
1129 2215 1219 2248 iiber
1246 2213 1308 2247 dic
1332 2211 1508 2245 Plebcier
1533 2212 1579 2246 be

216 2277 371 2311 stimmt.
424 2278 630 2312 Ernestius
659 2277 759 2311 enim
789 2277 834 2311 de
862 2277 982 2321 plebe,
1009 2275 1082 2310 hoe
1112 2280 1184 2316 est,
1216 2287 1259 2309 ex
1289 2272 1415 2319 plebe,
1440 2271 1511 2307 lios
1541 2274 1593 2307 iu-

216 2338 364 2373 dicasse
391 2339 550 2376 dixerat.

145 2402 179 2443 ²)
222 2399 283 2433 Ad
309 2405 402 2435 orat.
428 2413 498 2446 pro
524 2400 652 2434 Plane.
679 2404 714 2440 8,
738 2403 805 2432 21;
843 2399 959 2432 Diesc
986 2409 1113 2431 waren
1141 2397 1397 2431 Zahlmeister
1420 2394 1483 2427 bei
1511 2392 1595 2426 (leni

223 2460 356 2494 {leci-e.
420 2461 472 2495 Et
496 2461 571 2495 hoe
598 2460 785 2494 adscribit
811 2459 857 2493 ad
884 2471 968 2493 eum
993 2458 1133 2498 locum,
1158 2458 1226 2491 ubi
1253 2458 1598 2491 commemorantur

219 2521 363 2556 tribuni
401 2523 524 2556 aerarii
561 2533 605 2557 ex
640 2521 866 2568 praesectura
902 2519 1073 2559 Atinati,
1108 2519 1172 2565 qui
1209 2519 1250 2552 in
1276 2516 1423 2552 Pluneii
1451 2515 1594 2549 iudicio

220 2582 378 2617 aderant
394 2587 402 2616 .'

149 2650 178 2689 ³)
217 2645 411 2680 Gruchius
437 2645 461 2679 l.
490 2658 519 2678 c.
573 2645 623 2678 [t
649 2657 761 2691 ergo,
787 2644 913 2691 inquit
931 2670 939 2684 ,
966 2644 1005 2677 in
1032 2647 1251 2677 senatorum
1278 2641 1454 2676 ordinem
1483 2644 1597 2685 atque

222 2707 394 2754 equitum
420 2720 498 2741 non
525 2705 716 2752 suffragiis
741 2706 876 2753 populi
902 2705 1219 2752 perveniebatur,
1268 2703 1336 2738 sed
1362 2702 1419 2736 vel
1446 2701 1596 2747 legibus

221 2779 499 2815 censorumque
525 2767 785 2814 adscriptione
811 2769 869 2803 vel
894 2767 1045 2813 generis
1072 2766 1330 2808 successione,
1355 2765 1406 2799 ita
1432 2763 1473 2796 in
1499 2762 1595 2796 ordi

221 2841 305 2864 nem
332 2830 577 2865 tribunoruin
604 2829 726 2864 aerarii
764 2831 838 2873 (sic
864 2831 993 2864 scribit
1020 2830 1167 2872 vitiose)
1204 2841 1280 2864 non
1316 2824 1507 2871 suffragiis
1534 2836 1594 2869 po-

222 2889 302 2934 puli
329 2891 395 2925 sed
422 2893 542 2926 altero
571 2904 612 2927 ex
643 2892 688 2925 ius
717 2892 828 2926 modo
857 2891 1158 2939 perveniebatur.
