1821 3309
224 210 289 258 64

160 348 510 397 confunduntur,
558 360 689 401 quum
736 346 821 386 sint
863 354 904 386 et
950 346 1120 400 origine
1157 353 1200 384 et
1241 357 1321 384 nsu
1355 344 1626 400 aiiquantum

160 432 372 479 di=⁷ersae3
415 435 457 468 et
492 441 622 482 quum
657 440 718 466 ea:
752 425 933 475 formae,
977 439 1072 480 quae
1106 423 1208 465 hinc
1241 425 1284 464 in
1321 423 1496 465 modum
1529 437 1630 465 con-

161 510 401 550 iunctivum
434 505 717 555 discendunt,
765 506 895 546 etiam
932 505 985 545 ad
1022 503 1182 545 nudum
1221 504 1489 559 praeteritum
1523 511 1631 544 tem-

162 604 243 645 pus
277 584 612 643 significandum
647 586 810 626 sensim
843 584 1050 625 traductae
1082 585 1195 634 sint,
1236 583 1398 624 factum
1442 590 1536 633 est,
1587 590 1633 622 ut

164 668 248 708 huc
279 666 424 706 omnia
458 665 734 720 grammatici
769 664 983 704 referrent
1022 671 1064 703 et
1099 664 1142 703 in
1173 676 1256 703 usu
1290 662 1420 703 huius
1455 662 1635 703 coniun-

164 747 270 786 ctivi
313 743 579 800 explicando
628 744 805 783 inverso
850 742 1002 782 ordine
1049 756 1074 781 a
1118 741 1311 796 perfecto
1358 741 1637 782 adfuturum

168 826 393 875 venirent,
442 821 513 864 vel
554 823 698 878 potius
732 821 926 861 futurum
961 833 1140 874 prorsus
1186 818 1490 860 excluderent.
1549 818 1635 869 Qui

167 919 288 945 error
319 918 371 944 eo
407 916 545 957 usqne
578 914 838 955 progressus
874 907 955 950 est,
1001 908 1046 939 ut
1081 913 1164 940 non
1198 899 1418 949 deessent,
1458 898 1531 954 qui
1567 895 1637 937 vel

171 983 455 1023 indicativum
489 980 626 1020 futuri
658 980 806 1020 exacti
837 993 888 1019 ea
924 980 995 1019 via
1028 986 1170 1018 ortum
1206 985 1425 1033 putarent.
1484 975 1638 1031 Itaque

170 1062 321 1102 ordine
356 1058 704 1114 progrediamur,
739 1065 801 1107 ut,
837 1055 1074 1112 explicatis
1106 1057 1343 1097 formarum
1375 1056 1639 1097 discrimini-

174 1140 268 1191 bus,
303 1123 528 1189 addanms,
561 1139 595 1177 si
631 1136 730 1192 quid
764 1137 845 1177 erit
880 1135 1086 1176 subtilius
1122 1134 1174 1175 de
1203 1135 1372 1176 ratione
1403 1135 1641 1189 syntactiea

171 1217 490 1259 disserendum.
518 1217 548 1270 ¹)

292 1296 529 1351 Antiquior
561 1304 625 1336 est
661 1308 720 1334 ex
759 1294 812 1333 iis
848 1292 1034 1343 formis,
1078 1306 1171 1348 quae
1201 1293 1396 1334 futurum
1434 1299 1642 1332 exactum

176 1372 455 1427 significant,
490 1388 568 1424 ea,
600 1386 694 1428 quae
726 1373 769 1411 in
802 1386 847 1412 so
883 1373 1005 1422 exit,
1038 1373 1189 1413 eodem
1224 1371 1353 1412 modo
1387 1371 1586 1429 derivata
1620 1385 1644 1411 a

178 1452 298 1494 serbi
341 1452 500 1503 radice,
535 1466 618 1508 quo
652 1450 766 1506 apud
798 1449 974 1491 Graecos
1010 1450 1202 1491 futurum
1241 1451 1451 1506 primum3
1498 1450 1645 1504 itaque

271 1699 447 1734 scribunt
474 1694 798 1742 (numlimannus,
825 1695 1040 1744 Sey-sertus,
1066 1696 1163 1740 alii),
1189 1696 1240 1732 Μ.
1260 1700 1466 1733 Varronem
1491 1695 1562 1731 hac
1588 1707 1647 1743 ap-

271 1760 481 1807 pellatione
506 1770 617 1791 usum
646 1768 754 1803 esse3
793 1758 860 1792 sed
884 1758 986 1792 unde
1012 1757 1052 1792 id
1077 1758 1222 1799 sciant,
1259 1770 1338 1798 nou
1365 1757 1536 1800 addunt,
1569 1757 1651 1805 opi-

274 1834 366 1862 nor,
411 1833 453 1855 ea
482 1832 614 1860 causa,
661 1817 763 1865 quod
789 1830 907 1852 unum
934 1823 1130 1852 auctorem
1156 1818 1301 1853 habeut
1323 1818 1361 1853 J.
1387 1819 1430 1853 G.
1457 1818 1652 1859 vossium,

274 1882 340 1929 qui
378 1882 424 1916 de
462 1881 611 1926 analog.
641 1880 695 1914 ΙΙΙ
724 1892 753 1914 e.
785 1883 829 1914 15
864 1893 883 1913 a
911 1880 1084 1914 Varrone
1121 1880 1295 1914 futurum
1325 1886 1501 1915 exactum
1526 1880 1651 1928 appel-

273 1943 370 1983 lari,
405 1949 447 1977 ut
473 1944 648 1988 superins
679 1943 759 1986 ipse
788 1942 949 1982 dixerit,
985 1940 1133 1975 scribit.
1183 1941 1260 1976 Sed
1286 1942 1463 1989 superius
1490 1941 1652 1977 Vossius

275 2004 315 2038 id
351 2016 428 2037 non
466 2003 564 2037 dixit
602 2004 746 2049 (neque
774 2002 809 2037 ll
837 2001 884 2036 (le
906 2006 987 2036 arte
1013 2014 1167 2048 gramm.
1193 2006 1237 2037 21
1267 2008 1333 2038 aut
1357 2007 1425 2046 31,
1449 2015 1573 2052 neque
1598 2003 1654 2039 ΠΙ

277 2066 324 2100 de
351 2066 449 2100 anal.
477 2068 532 2105 13,
557 2064 624 2098 ubi
656 2063 702 2098 de
728 2064 800 2098 hoc
827 2068 1001 2109 tempore
1029 2064 1232 2111 disputat),
1256 2069 1301 2098 ut
1325 2063 1437 2100 valde
1466 2065 1655 2113 suspicer,

275 2127 456 2162 memoria
483 2126 607 2159 virum
632 2124 936 2160 eruditissimum
962 2124 1110 2172 lapsum
1136 2135 1231 2159 esse.
1295 2125 1340 2159 ln
1364 2125 1477 2160 libris
1501 2126 1655 2173 quidem

278 2187 466 2222 Varronis
502 2186 549 2220 de
590 2185 721 2230 lingua
747 2185 832 2225 Lat,
858 2186 1007 2220 nullum
1036 2186 1118 2221 eius
1145 2186 1314 2221 nominis
1339 2188 1545 2233 vestigium
1571 2192 1655 2231 θεῖ’,

281 2261 352 2284 nec
383 2254 532 2284 ceteros
558 2247 826 2294 grammaticos
863 2252 1012 2282 veteres
1053 2252 1120 2282 aut
1154 2248 1258 2295 ipsos
1298 2259 1343 2283 eo
1376 2248 1533 2284 nomine
1564 2259 1655 2283 usos

281 2315 347 2344 aut
403 2309 590 2343 Varronis
637 2309 678 2342 in
721 2320 766 2342 eo
803 2308 1032 2343 auctoritate
1070 2309 1232 2355 reperio.
1309 2308 1382 2346 Th.
1407 2308 1570 2343 Linacer
1593 2308 1658 2353 (de

281 2371 426 2406 emend.
466 2375 660 2406 structura
697 2369 778 2404 Lat.
814 2381 925 2404 serm.
965 2382 1004 2416 p,
1029 2373 1076 2404 29
1115 2368 1175 2406 ed.
1212 2369 1314 2416 Lips.
1353 2372 1460 2414 1555)
1496 2370 1656 2417 Pompo-

280 2434 386 2467 nium
412 2433 529 2467 huius
564 2431 733 2466 nominis
758 2435 956 2465 auctorem
982 2430 1091 2467 facit.
1142 2431 1264 2465 Putes
1291 2431 1503 2477 significari
1528 2431 1657 2466 locum

284 2494 502 2541 Pomponii,
529 2493 595 2540 qui
621 2496 679 2527 est
708 2491 733 2526 l.
760 2494 827 2526 123
852 2492 900 2528 Ι).
931 2492 977 2527 de
1002 2491 1106 2526 verb.
1133 2492 1300 2538 signifie.
1324 2495 1400 2536 (50,
1427 2495 1481 2537 6),
1505 2492 1575 2527 ubi
1600 2503 1657 2527 ea-

286 2556 370 2590 dem
398 2555 609 2602 disputatio
635 2553 866 2600 attingitur,
901 2565 985 2601 quae
1012 2553 1113 2600 apud
1140 2553 1238 2589 Gell.
1264 2553 1402 2596 xvu,
1438 2558 1462 2588 7
1487 2553 1659 2601 exposita

287 2621 353 2650 ost.
414 2617 490 2651 Sed
517 2627 564 2650 ne
589 2615 645 2650 ibi
673 2615 825 2662 quidem
851 2626 991 2651 nomen
1017 2615 1179 2662 reperio.
1235 2614 1380 2649 Verum
1412 2619 1566 2649 utamur
1588 2626 1658 2662 pro

287 2682 454 2723 recepto.

223 2744 248 2785 ¹)
284 2737 440 2772 Inutilis
478 2742 538 2773 est
576 2747 750 2772 errorum
781 2737 930 2784 pridem
967 2738 1207 2773 sublatorum
1248 2737 1480 2784 exagitati03
1528 2737 1659 2786 itaque

288 2804 460 2833 veterum
484 2799 839 2845 grammaticorum,
876 2800 942 2847 qui
976 2800 1102 2845 fecero
1134 2798 1370 2835 coniunctivi
1398 2797 1571 2834 futurum
1597 2811 1658 2845 ap-

290 2859 484 2908 pellabant
500 2888 509 2902 ‚
534 2861 631 2896 ratio
658 2860 764 2896 nulla
790 2873 810 2895 a
835 2872 894 2896 me
918 2860 1138 2896 habebitur.
