1821 3309
1513 211 1545 259 3

259 352 414 394 Oratio
440 350 493 391 de
521 351 761 405 provinciis
794 349 1100 392 consularibus
1131 363 1261 405 quum
1295 359 1428 402 esset,
1462 364 1611 408 quem·

145 432 377 474 admodum
423 429 638 482 proximae
680 428 930 482 superiores
972 435 1015 468 et
1054 430 1336 483 insequentes
1375 431 1612 483 orationes,

144 511 270 551 initio
316 523 340 549 e
383 506 510 548 malis
542 505 765 547 codicibus
796 506 941 556 edita,
989 505 1042 547 ab
1074 505 1327 562 Hervagio,
1379 506 1612 560 Lambino,

146 585 247 629 aliis
279 586 349 627 hic
379 584 473 626 iilic
503 584 557 625 ad
590 583 820 625 meliorum
855 583 986 626 fidem
1017 593 1241 636 revocata,
1273 600 1298 626 a
1329 583 1519 627 Grutero
1550 594 1611 635 et,

145 666 220 721 qui
262 678 361 705 eum
400 664 591 705 insecuti
631 671 759 714 sunt,
808 662 1051 704 editoribus
1091 663 1370 719 negligenter
1401 671 1445 704 et
1473 677 1611 719 prave

144 751 328 785 tractata
361 767 417 773 —
449 756 549 784 nam
582 741 850 784 Garatonius
882 756 1082 798 quoque,
1117 756 1250 798 quum
1280 742 1503 784 codicibus
1534 742 1611 785 bo-

143 824 211 864 nis
254 822 488 863 destitutus
530 829 647 861 esset
688 835 768 862 nec
807 829 925 862 recte
967 820 1022 862 de
1058 822 1138 871 iis,
1186 822 1260 876 qui
1290 820 1441 862 collati
1471 830 1611 873 erant,

144 901 351 950 sentiret,
383 899 591 940 iudicium
625 908 770 940 autem
802 913 881 939 nec
910 898 1099 939 liberum
1129 899 1236 938 satis
1268 913 1346 939 nec
1377 898 1539 941 subtile
1564 901 1610 942 in

144 977 291 1019 verbis
323 978 640 1032 sententiisque
671 975 905 1031 exigendis
932 974 1176 1026 adhiberet,
1208 989 1294 1016 non
1327 974 1510 1018 multum
1541 977 1612 1019 hic

142 1056 353 1112 profecit,
393 1078 449 1086 —
490 1054 604 1107 haec,
645 1056 849 1110 inquam,
891 1068 1023 1110 quum
1064 1055 1126 1096 ita
1169 1062 1340 1105 essent,
1380 1053 1443 1098 Io.
1480 1053 1610 1113 Casp-

144 1133 342 1176 Orellius
386 1141 429 1174 et
468 1142 598 1174 antea
642 1135 688 1174 in
734 1134 899 1174 maiore
941 1133 1132 1174 editione
1176 1131 1377 1173 nonnihil
1419 1132 1474 1174 ad
1514 1147 1611 1176 eam

146 1212 462 1254 emendandam
493 1211 678 1253 contulit
709 1219 751 1252 et
782 1226 944 1268 nuper,
979 1211 1222 1253 coniunctis
1256 1225 1351 1252 cum
1386 1209 1419 1252 I.
1440 1209 1494 1256 G.
1510 1209 1612 1254 Bai-

144 1301 236 1333 tero
267 1291 450 1342 studiis,
501 1305 624 1342 eam,
665 1289 863 1331 adhibito
907 1291 1103 1332 codicum
1133 1288 1449 1342 Bernensium,
1489 1290 1612 1333 Pari·

143 1371 279 1411 siensi
295 1368 636 1420 simillimorum,
670 1368 883 1421 subsidio,
915 1370 1136 1410 recensuit
1168 1383 1453 1424 seorsumque
1475 1368 1612 1411 edidit

144 1446 320 1504 (Turici
359 1450 485 1489 1833.
575 1448 861 1504 programma
915 1456 982 1487 est
1034 1446 1268 1487 academiae
1320 1444 1611 1501 Turicensis).

146 1523 283 1566 Cuius
315 1539 417 1566 cura
449 1525 653 1566 effectum
691 1533 782 1576 est,
838 1533 884 1564 ut
925 1524 1033 1565 mihi
1071 1525 1158 1565 iam
1191 1524 1399 1579 pauciora
1429 1523 1613 1567 dicenda

144 1604 259 1653 sint,
302 1617 521 1659 quumque
552 1618 629 1653 ea,
674 1617 768 1658 quae
802 1601 1061 1657 simpliciter
1092 1617 1115 1644 e
1147 1600 1370 1643 codicibus
1399 1602 1612 1644 sumenda

145 1689 317 1731 essent,
348 1688 562 1735 praecepta
594 1680 802 1735 pleraque
834 1682 946 1729 sint,
992 1681 1154 1734 saepius
1183 1678 1306 1719 dubii
1340 1688 1383 1720 et
1415 1681 1469 1720 ad
1499 1680 1612 1722 iudi·

145 1758 329 1812 candum
374 1756 576 1798 difficiles
616 1756 701 1798 loci
748 1757 1007 1811 attingendi.
1072 1754 1272 1806 Vellem,
1313 1757 1381 1797 vir
1422 1755 1612 1799 clarissi-

144 1850 240 1878 mus
282 1837 498 1891 integram
540 1836 686 1890 potius
720 1835 916 1876 codicum
949 1833 1239 1875 Bernensium
1270 1834 1495 1889 scripturae
1525 1834 1611 1876 dis-

145 1915 414 1970 crepantiam
466 1913 719 1954 adnotasset
776 1927 905 1968 quam
972 1911 1195 1953 selectam.
1281 1909 1375 1952 Nec
1414 1924 1610 1967 possum,

146 1995 250 2049 quin
280 1992 566 2034 vehementer
608 1992 650 2032 ei
692 2001 736 2031 et
762 1989 940 2031 Baitero
981 1997 1131 2030 auctor
1161 1990 1272 2039 sim,
1322 1997 1371 2029 ut
1408 1991 1454 2029 in
1496 2004 1612 2032 nova

147 2069 374 2112 Ciceronis
407 2083 586 2125 operum
622 2069 841 2119 editione,
872 2069 995 2109 cuius
1029 2067 1114 2108 hoc
1143 2068 1367 2122 specimen
1401 2080 1499 2108 esse
1534 2081 1611 2110 vo-

144 2147 346 2199 luerunt,
380 2149 425 2189 in
460 2147 649 2204 singulis
679 2146 805 2188 libris
836 2160 1053 2188 novorum
1089 2146 1311 2197 codicum,
1345 2159 1529 2201 quorum
1561 2144 1612 2188 fi·

146 2226 245 2268 dem
277 2227 323 2266 in
353 2226 553 2267 oratione
585 2225 890 2267 constituenda
922 2223 1070 2281 aliqua
1099 2237 1160 2265 ex
1192 2231 1314 2279 parte
1345 2223 1612 2279 sequendam

147 2305 369 2359 putarint,
406 2303 562 2359 plenas
591 2305 830 2359 scripturas
864 2301 1124 2354 subiiciant,
1167 2300 1243 2343 ubi
1276 2314 1372 2343 cum
1403 2309 1613 2344 contexta

148 2382 345 2422 oratione
385 2382 589 2423 contendi
630 2384 776 2423 statim
817 2383 1010 2436 possint,
1063 2394 1143 2421 nec
1184 2393 1260 2421 eas
1302 2392 1349 2420 se
1380 2378 1611 2434 aliquando

149 2458 344 2498 edituros
395 2460 665 2511 promittant.
751 2458 864 2500 Nam
907 2457 1159 2500 huiusmodi
1214 2456 1426 2507 consilia,
1475 2455 1614 2497 multa

149 2536 327 2577 evenire
356 2543 563 2590 possunt,
592 2548 688 2589 quae
721 2534 978 2576 conturbent
1011 2542 1054 2574 et
1084 2532 1348 2588 impediant3
1394 2541 1436 2573 et
1466 2530 1503 2574 si
1533 2547 1613 2574 ex·

152 2613 291 2654 secuti
321 2612 510 2662 fuerint,
569 2612 671 2668 quid
714 2611 892 2654 habebit
939 2611 1140 2654 utilitatis
1188 2612 1351 2655 selecta
1400 2609 1480 2652 illa
1509 2611 1614 2652 scri-

147 2698 286 2745 pturae
316 2690 536 2731 varietas?
581 2691 733 2746 Spatio
775 2691 946 2747 quidem
992 2705 1100 2747 opus
1145 2693 1227 2733 erit
1260 2691 1315 2732 ad
1359 2687 1482 2730 illam
1521 2701 1613 2729 rem

149 2781 235 2808 non
269 2766 397 2821 valde
428 2782 603 2823 magno,
636 2782 767 2823 quum
802 2771 1059 2824 praesertim,
1092 2768 1276 2811 meliore
1306 2767 1449 2823 posito
1481 2766 1614 2806 totius

151 2845 421 2886 recensionis
452 2845 762 2895 fundamento,
807 2845 942 2887 multa
974 2849 1114 2889 omitti
1147 2848 1318 2903 possint
1352 2852 1395 2885 et
1428 2840 1615 2883 debeant

1308 2932 1349 2963 1*
