1821 3309
293 255 393 304 292

228 410 324 439 cero
357 392 623 451 praenomine
660 391 751 433 Titi
783 390 1031 432 admonitus
1073 391 1372 432 accommodat
1406 393 1457 434 ad
1493 391 1548 434 Τ.
1577 393 1694 436 Atti-

231 489 345 525 cum,
385 487 512 529 quem
546 480 588 512 et
627 470 727 512 aliis
769 472 883 511 curis
920 472 970 510 ad
998 480 1242 525 temporum
1279 472 1478 512 miserias
1501 478 1699 527 spectan-

223 553 340 594 tibus
377 553 559 607 gravius
602 549 819 590 interdum
866 549 1131 590 commoveri
1174 558 1294 605 putat
1340 560 1382 591 et
1423 552 1693 606 cogitatione

223 632 614 687 appropinquantis
660 630 897 670 senectutis
929 627 1113 669 subinde
1157 631 1304 683 tangi,
1352 632 1552 684 quamvis
1594 645 1690 671 eam

223 711 392 752 modice
423 710 535 750 ferat
567 717 608 749 et
638 709 872 763 sapienter.
937 707 1021 747 Sed
1054 709 1150 762 quis
1181 709 1240 748 ita
1272 709 1385 762 apud
1411 709 1598 748 Ennium
1633 707 1689 752 T.

225 790 521 831 Flamininum
579 786 799 828 allocutus
855 788 911 826 sit
958 794 1000 825 et
1046 800 1130 840 quo
1192 795 1387 841 tempore
1440 796 1483 827 et
1536 786 1694 843 quibus

227 871 342 911 curis
374 869 575 918 anxium,
610 867 795 907 diversae
837 873 937 904 sunt
968 866 1223 915 sententia»,
1266 865 1410 915 nulla,
1443 866 1481 907 si
1515 867 1695 920 propius

223 949 470 1004 aspexeris,
503 943 761 1002 probabilis.
825 942 936 984 'Nam
972 942 1031 983 H.
1078 941 1293 983 Columna
1330 943 1421 985 liaec
1452 959 1511 985 ex
1555 946 1693 999 ipsius

221 1027 351 1070 Ennii
385 1040 573 1082 persona
611 1026 655 1064 in
692 1021 924 1064 annalibus
969 1020 1138 1076 prolata
1169 1021 1377 1077 putabat,
1431 1037 1617 1078 eumque
1649 1029 1693 1063 et

224 1107 300 1147 alii
333 1106 470 1145 secuti
503 1111 603 1144 sunt
644 1111 686 1142 et
720 1116 857 1156 nuper
901 1101 971 1140 Fr.
1007 1099 1202 1139 Ritterus
1244 1101 1286 1139 in
1324 1102 1691 1141 commentatione

219 1186 273 1226 de
303 1185 434 1224 Ennii
464 1181 595 1223 rebus
633 1178 906 1232 (zeitschrift
930 1178 996 1218 fi'u·
1016 1178 1084 1217 die
1107 1177 1689 1229 Alterthumwissenschaft‚

219 1277 259 1305 a.
292 1264 417 1311 1840,
450 1275 490 1302 n.
513 1262 583 1309 46,
618 1274 658 1313 p.
689 1260 772 1298 379
796 1266 837 1296 et
867 1254 988 1310 380),
1022 1257 1092 1310 qui
1125 1255 1252 1310 plura
1282 1257 1400 1297 addit
1431 1257 1483 1297 ad
1515 1271 1688 1297 omnem

217 1355 308 1383 rem
345 1347 463 1379 certa
488 1337 672 1392 quadam
704 1336 843 1375 forma
871 1333 1254 1388 complectendam.
1315 1334 1532 1388 Opinatur
1556 1336 1687 1385 enim,

218 1428 327 1467 tum,
360 1431 492 1472 quum
527 1414 582 1458 Τ.
614 1413 888 1455 Flamininus
923 1412 1117 1466 graviter
1149 1419 1190 1450 et
1223 1410 1403 1452 moleste
1436 1413 1570 1452 ferret
1601 1413 1688 1454 fra-

217 1506 327 1539 trem
360 1510 502 1545 snum,
545 1494 597 1534 L.
629 1492 924 1534 Flamininum
962 1505 986 1530 a
1031 1488 1093 1532 M.
1129 1488 1295 1530 Catone
1339 1499 1382 1530 et
1414 1482 1466 1531 If.
1501 1490 1687 1532 Valerio

217 1573 474 1618 censoribus
517 1588 554 1613 a.
599 1573 683 1612 184
723 1586 762 1611 a.
798 1568 901 1610 Chr.
928 1584 968 1609 n.
1004 1583 1099 1609 cum
1134 1569 1376 1624 ignominia
1407 1578 1560 1610 senatu
1595 1583 1686 1610 mo-

216 1663 338 1705 tum,
377 1653 566 1692 Ennium
597 1652 640 1690 in
674 1664 724 1690 ea
757 1647 979 1689 annalium
1016 1656 1136 1702 parte
1172 1649 1469 1703 componenda
1502 1663 1687 1703 occupa-

217 1741 308 1774 tum
351 1731 513 1780 fuisse,
571 1743 664 1784 quae
718 1727 882 1768 bellum
928 1726 1124 1775 Quinctii
1168 1726 1499 1767 Macedonicum
1547 1727 1684 1767 conti-

216 1819 365 1858 neret3
409 1811 554 1863 itaque
599 1821 698 1847 eum
746 1806 1024 1854 Quinctium,
1079 1805 1292 1845 fautorem
1336 1820 1488 1856 suum,
1543 1805 1682 1845 amico

215 1891 362 1932 animo
396 1887 449 1928 ad
475 1887 728 1927 memoriam
761 1898 903 1925 rerum
937 1882 1142 1938 praeclare
1167 1892 1389 1938 gestarum
1423 1891 1465 1923 et
1496 1882 1549 1923 ad
1581 1897 1683 1923 con·

215 1967 477 2011 solationem
509 1977 708 2018 curaeque
734 1961 1003 2002 levationem
1035 1975 1089 2002 ex
1123 1975 1270 2001 earum
1301 1960 1442 2016 gloria
1476 1969 1518 2001 et
1551 1959 1682 2001 laude

216 2044 472 2100 capiendam
516 2055 713 2084 vocasse.
786 2039 914 2081 Hanc
962 2041 1238 2094 opinionem,
1287 2040 1331 2079 in
1375 2053 1502 2095 quam
1551 2047 1681 2080 antea

214 2137 317 2165 num
347 2121 440 2171 alii,
486 2121 651 2169 nescio,
693 2118 770 2158 sed
803 2127 918 2158 certe
950 2117 1036 2157 Iac.
1071 2116 1345 2157 Facciolatus
1375 2118 1586 2158 inciderat
1615 2118 1678 2170 (in

214 2199 396 2243 scholiis
427 2197 478 2238 ad
512 2196 737 2236 Ciceronis
767 2195 927 2247 locum)
960 2193 1097 2234 multa
1127 2195 1396 2249 redarguunt
1428 2202 1470 2234 et
1500 2208 1679 2249 prorsus

213 2285 431 2320 evertunt.
493 2276 686 2317 Primum
720 2273 873 2315 Cicero
910 2273 972 2312 sic
1005 2286 1134 2312 versu
1175 2271 1254 2312 illo
1293 2273 1460 2328 posito:
1500 2273 1578 2313 ille
1607 2276 1678 2314 vir

213 2356 334 2399 haud
360 2368 520 2409 magna
551 2367 642 2394 cam
676 2366 739 2403 re,
773 2351 850 2392 sed
883 2350 1033 2404 plemc'
1069 2349 1193 2399 fidei
1231 2350 1449 2391 hominem
1481 2350 1675 2406 aliquem

212 2451 238 2477 a
269 2442 400 2490 poeta
431 2433 652 2472 inductum
686 2438 727 2470 et
762 2437 1145 2470 commemoratum
1179 2429 1464 2480 demonstrat,
1502 2438 1550 2470 ut
1579 2431 1675 2485 ipse

210 2522 342 2570 poeta
394 2510 586 2564 intelligi
628 2517 839 2562 nequeat3
891 2507 1046 2547 deinde
1097 2521 1306 2561 perquam.
1347 2507 1457 2548 mire
1506 2507 1674 2548 Ennius

212 2592 494 2644 semetipsum
515 2589 576 2628 sic
591 2584 900 2640 significasset,
925 2600 974 2625 ac
997 2586 1143 2639 potius
1173 2586 1267 2624 istis
1290 2584 1438 2625 verbis
1460 2585 1559 2636 (ille
1583 2582 1675 2640 vir)

211 2669 495 2722 semetipsum
538 2666 836 2706 demonstrare
891 2662 1014 2703 nullo
1057 2663 1183 2703 modo
1223 2664 1379 2717 potuit.
1456 2661 1572 2703 Tum
1618 2664 1671 2705 Τ.

211 2747 465 2797 Quinctium
496 2744 790 2784 Flamininum
825 2743 966 2782 Ennio
998 2749 1072 2782 aut
1105 2742 1281 2781 omnino
1316 2741 1457 2794 poetis
1489 2741 1671 2795 favisse,

209 2838 338 2866 nemo
372 2831 569 2864 veterum
603 2820 794 2871 tradidit,
828 2835 908 2861 nec
939 2829 1013 2860 aut
1044 2818 1213 2868 Cicero,
1245 2817 1318 2872 qui
1348 2819 1669 2862 studiosissime

204 2917 264 2944 ex
293 2900 516 2943 veteribus
542 2898 633 2942 illis
660 2897 869 2940 Romanis
893 2897 1138 2940 litterarum
1169 2903 1212 2937 et
1241 2897 1399 2938 artium
1427 2897 1472 2940 in
1500 2896 1666 2941 honore
