1821 3309
1383 205 1483 255 269

93 355 158 388 est
201 346 307 400 (vid.
339 346 710 403 Stuerenburgius
743 345 795 387 ad
841 353 949 387 orat.
992 359 1068 401 pro
1110 344 1239 386 Arch.
1286 362 1327 402 ρ,
1366 348 1423 387 20
1462 352 1548 403 sq.)

91 431 255 480 quanta
297 439 507 480 quamque
551 429 610 465 sit
654 429 771 465 iusta
811 437 1096 479 mmquoeque,
1126 425 1163 464 is
1194 438 1256 465 ex
1295 424 1395 465 aliis
1423 425 1545 466 codd.

90 503 246 544 edidit:
288 517 498 557 quamque
537 507 654 543 iusta
696 505 769 553 sit,
811 510 853 542 et
888 502 940 542 de
973 516 1025 542 eo
1062 501 1189 542 valde
1224 512 1449 544 asseverat
1483 504 1545 557 (in

89 581 184 622 adn.
217 581 269 621 ad
301 579 408 620 Lael.
439 595 481 635 p.
513 581 602 633 90),
645 580 759 633 quod
791 579 973 620 multum
1007 581 1137 620 situm
1169 581 1224 620 sit
1256 582 1297 621 in
1330 582 1546 623 adiectivo

87 661 218 699 iusta.
281 658 494 713 Equidem
546 660 658 699 scire
705 647 866 708 velim',
919 659 962 698 in
1005 672 1131 713 quem
1173 657 1317 699 locum
1362 661 1405 700 id
1459 674 1545 701 non

89 737 231 785 cadat,
277 736 351 777 ubi
393 752 445 778 ea
490 735 704 792 particula
734 735 812 777 illo
847 736 975 776 modo
1009 737 1227 778 adiectivo
1258 747 1548 793 praeponatur,

87 823 133 855 ut
171 816 255 856 ista
299 815 471 870 quidem
514 817 683 856 ratione
730 813 891 870 ubique
932 816 995 856 sic
1036 815 1312 856 scribendum
1343 818 1425 868 sit3
1471 817 1547 857 sed

87 892 200 934 hunc
248 893 548 934 animadverto
592 893 825 934 multorum
870 908 1089 943 errorem,
1135 909 1160 934 a
1202 893 1476 945 Goerenzio,
1511 896 1547 934 si

88 986 171 1012 uon
217 980 376 1021 ortum,
419 980 461 1012 at
502 980 806 1026 propagatum,
853 980 920 1022 ut,
957 971 1032 1013 ubi
1075 973 1127 1013 de
1159 972 1256 1013 loco
1292 971 1415 1013 verbi
1446 972 1547 1012 sub-

85 1052 265 1092 stantivi
308 1051 608 1091 controversia
649 1051 720 1099 sit,
764 1050 823 1099 id,
869 1064 953 1104 quo
994 1052 1050 1089 sit
1093 1051 1219 1090 initio
1258 1051 1452 1105 propiuS,
1496 1065 1547 1090 eo

85 1130 267 1183 gravius
310 1129 494 1183 proferri
542 1136 717 1183 putent3
773 1128 886 1183 quod
934 1136 1000 1168 est
1042 1126 1175 1183 longe
1219 1141 1359 1170 secus,
1436 1127 1548 1169 Sub-

87 1208 198 1248 iecta
233 1208 349 1248 enim
382 1205 475 1247 haec
508 1207 637 1246 unius
665 1205 847 1260 syllabae
877 1220 967 1247 vox
992 1207 1309 1261 interrogativo
1341 1215 1546 1261 tanquam

84 1284 287 1325 enclitica
328 1285 571 1336 delitescit,
626 1283 944 1339 extolliturque
996 1284 1066 1335 id,
1121 1285 1234 1339 quod
1277 1286 1404 1325 tertio
1448 1284 1547 1326 loco

84 1371 162 1404 cst.
183 1365 213 1411 r)
274 1363 456 1413 Dubito,
489 1377 589 1403 num
614 1370 780 1403 tantum
802 1361 1008 1415 Krarupii
1037 1363 1122 1402 mei
1145 1362 1321 1402 silentio
1344 1361 1547 1412 tribuam,

84 1448 130 1480 ut
163 1441 205 1480 in
239 1439 319 1480 hoc
349 1455 511 1495 genere
542 1442 852 1493 scripturarum
893 1440 948 1481 ob
981 1441 1172 1481 codicem
1204 1442 1372 1496 regium
1404 1449 1547 1482 reten-

84 1528 223 1559 tarum
256 1533 427 1573 ponam,
462 1519 573 1574 quod
607 1521 645 1569 §.
674 1520 730 1559 25
760 1527 848 1560 est:
888 1533 966 1559 uec
1007 1533 1107 1560 vero
1139 1518 1307 1560 dubitet
1334 1520 1547 1573 agricola.

85 1596 170 1638 Sed
203 1598 297 1637 sive
339 1597 380 1637 id
418 1599 458 1638 in
504 1598 651 1638 codice
697 1596 775 1636 illo
818 1598 1026 1652 scriptum
1056 1607 1121 1638 est
1154 1599 1267 1647 sive,
1302 1606 1349 1637 ut
1381 1598 1472 1638 fere
1503 1599 1547 1638 in

84 1677 257 1726 ceteris,
287 1675 473 1726 dubitat,
504 1676 757 1716 retinendus
790 1677 1093 1716 coniunctivus
1126 1685 1216 1730 est3
1251 1691 1390 1731 neque
1417 1677 1548 1726 enim,

85 1755 185 1810 quid
218 1754 509 1809 respondeant
542 1753 763 1809 agricolae,
808 1753 916 1794 Cato
949 1754 1069 1802 dicit,
1106 1755 1181 1794 sed
1218 1755 1318 1809 quid
1363 1755 1548 1809 possint,

84 1834 120 1873 si
152 1834 248 1888 quis
291 1840 469 1888 quaerat,
513 1833 793 1887 respondere.
859 1831 925 1872 Ita
960 1841 1104 1873 autem
1150 1833 1343 1873 codicem
1377 1834 1549 1888 regium

84 1912 224 1967 primo
271 1910 367 1952 loco
410 1909 569 1961 habui,
628 1919 676 1950 ut
717 1912 759 1951 ei
807 1925 874 1950 me
918 1925 972 1950 ne
1014 1912 1333 1966 manciparem,
1385 1926 1410 1951 a
1464 1925 1548 1965 quo

84 1989 309 2030 retrahere
355 1988 425 2029 vel
467 1987 600 2029 Nonii
644 1990 880 2029 auctoritas
923 1996 1107 2043 poterat,
1153 1988 1411 2043 plerumque
1444 2002 1549 2029 sane

84 2066 226 2120 (velut
259 2070 297 2118 ξ.
325 2067 382 2107 52
412 2070 538 2106 acini
566 2067 764 2119 vinaceo)
812 2081 909 2107 cum
944 2067 1091 2107 codice
1124 2068 1262 2122 regio,
1297 2067 1372 2107 sed
1403 2075 1548 2108 tamen

83 2145 299 2186 interdum
346 2159 440 2185 cum
474 2144 573 2186 aliis
622 2153 772 2186 contra
804 2159 901 2185 eum
937 2146 1230 2195 consentiens,
1271 2153 1318 2184 ut
1348 2148 1389 2196 ξ.
1418 2146 1474 2186 45
1504 2147 1547 2186 in

87 2224 326 2264 omittendo
357 2227 510 2264 nostri.
574 2222 726 2279 Itaque
761 2238 846 2263 non
882 2237 977 2263 sum
1013 2223 1177 2264 veritus
1209 2226 1246 2274 ᾗ.
1277 2224 1329 2262 41
1367 2237 1427 2263 ex
1457 2223 1548 2264 Erf-

83 2310 126 2342 et
163 2300 338 2343 Trevir.
372 2301 558 2358 aliisque
588 2305 777 2342 retinere
809 2303 1090 2356 longinquior
1124 2315 1200 2356 pro
1227 2301 1425 2354 longe‘or,
1470 2315 1548 2342 nec

84 2383 123 2430 ξ.
152 2382 180 2420 3
209 2379 431 2421 Aristonis
474 2381 624 2434 patrive
667 2394 824 2419 nomen
871 2379 1035 2429 delevi,
1076 2380 1152 2419 sed
1184 2393 1280 2418 cum
1311 2378 1488 2419 Klotzio
1524 2394 1547 2420 e

86 2457 209 2498 codd.
241 2456 558 2497 Dresdensium
592 2458 721 2497 trium
754 2465 797 2496 et
826 2453 1075 2497 Haeneliani
1107 2456 1380 2511 aliorumque
1416 2458 1548 2497 vesti-

85 2537 170 2592 giis
203 2533 522 2586 (Are'sloclzetts,
555 2534 803 2575 Aristolaus
837 2537 934 2586 etc.)
975 2534 1083 2575 Ceus·
1112 2535 1293 2589 scripsi,
1325 2533 1549 2589 Peripate-

86 2615 219 2656 ticum
253 2615 367 2655 enim
402 2613 607 2669 intelligi,
639 2614 711 2668 qui
738 2612 851 2654 Ceus
888 2613 984 2665 fuit,
1018 2628 1101 2654 non
1135 2621 1200 2654 est
1229 2612 1372 2668 longae
1404 2613 1549 2670 dispu-

86 2693 276 2734 tationis.
352 2691 466 2734 Nam
506 2707 591 2733 non
632 2691 773 2733 solum
812 2692 1029 2733 Panaetius
1075 2700 1117 2733 et
1152 2692 1395 2734 Sosicrates
1435 2693 1548 2748 apud

118 2854 157 2896 ι)
183 2852 279 2896 [Csr.
304 2865 387 2900 ‹111ae
427 2853 604 2889 adnotavi
632 2853 679 2888 ad
705 2853 784 2889 Cic.
814 2854 859 2888 dc
886 2854 969 2889 Fin.
999 2855 1015 2890 1
1042 2858 1063 2898 ἓ
1090 2858 1133 2890 43
1160 2868 1195 2902 p.
1221 2857 1262 2889 91
1291 2855 1364 2900 sq.]
