1821 3309
312 239 415 291 208

247 383 367 424 tione
409 379 464 421 de
509 379 581 421 via
624 392 675 420 ac
717 378 888 421 ratione
931 376 1167 434 ampliores
1208 380 1504 436 grammaticae
1545 379 1716 425 Latinae

245 461 368 503 locos
400 457 615 508 tradendi,
649 457 924 513 singularum
957 457 1227 514 quarundam
1258 473 1407 502 rerum
1439 474 1592 502 veram
1624 460 1718 504 for-

247 553 364 582 mam
385 537 766 580 demonstrandam
788 538 1072 594 susceperim.
1129 537 1196 580 Ac
1220 537 1496 594 quibusdam,
1522 540 1717 582 maxime

248 616 501 660 scholarum
544 618 792 673 magistris,
845 616 936 658 haec
980 618 1076 673 ipsa
1121 619 1263 673 magis
1308 617 1525 674 placitura
1569 618 1717 669 credo,

250 697 366 754 quod
388 695 564 738 facilius
597 704 640 737 et
671 697 796 752 quasi
825 704 946 737 recta
978 697 1051 737 via
1076 697 1121 736 in
1151 710 1278 737 usum
1304 698 1503 738 converti
1521 705 1718 752 possunt.

323 821 364 869 1.
434 819 511 867 De
548 819 703 867 forma
739 822 1082 867 sententiarum
1118 821 1567 886 interrogativarum
1601 821 1651 868 in

754 912 971 958 oratione
1008 909 1221 976 obliqua.

366 1024 467 1074 Qua
494 1022 596 1079 lege
626 1025 855 1064 sententiae
886 1024 1235 1079 interrogativae,
1267 1037 1399 1080 quum
1429 1023 1570 1065 oratio
1601 1023 1721 1080 cogi·
1753 1066 1756 1070 ,

253 1103 419 1145 tatiove
459 1101 605 1143 aliena
637 1103 853 1144 narrando
887 1102 1099 1158 (oblique)
1131 1103 1401 1154 redderetur,
1438 1101 1553 1158 quod
1583 1114 1723 1157 genus

254 1181 369 1238 apud
410 1179 642 1222 historicos
676 1181 1079 1237 frequentissimum
1121 1189 1201 1231 est,
1242 1179 1341 1221 aliae
1373 1182 1419 1220 in
1451 1178 1722 1222 infinitivum

254 1261 516 1310 transirent,
559 1259 657 1300 aliae
703 1261 1028 1301 coniunctivum
1079 1259 1254 1300 modum
1302 1257 1542 1310 haberent,
1591 1273 1722 1315 quum

254 1339 504 1393 superiores
536 1352 687 1392 parum
716 1337 952 1392 diligenter
987 1340 1246 1392 quaesissent
1280 1352 1360 1378 nec
1391 1336 1526 1379 ullam
1560 1346 1723 1379 certam

254 1415 456 1473 regulam
497 1416 840 1467 constituissent,
887 1415 1054 1471 aliquot
1085 1415 1245 1456 abhinc
1287 1429 1425 1456 annos
1467 1414 1725 1471 Kruegerus

256 1510 351 1537 eam
382 1508 474 1536 rem
496 1493 850 1549 investigandam
881 1495 1073 1549 suscepit
1098 1495 1145 1547 ¹),
1177 1496 1358 1553 eiusque
1387 1501 1619 1550 praecepta,
1652 1495 1724 1550 qui

254 1583 411 1630 postea
456 1573 509 1614 de
553 1574 838 1629 grammatica
881 1572 1043 1614 Latina
1083 1575 1366 1629 scripserunt,
1415 1581 1655 1628 sequuntur
1674 1573 1727 1627 ²).

256 1653 388 1694 Putat
417 1660 562 1693 autem
599 1653 652 1702 is,
681 1665 756 1691 eas
787 1653 1175 1708 inter1·ogationeS‚
1209 1666 1304 1708 quae
1339 1659 1506 1693 tantum
1539 1651 1725 1693 formam

256 1732 520 1773 rhetoricam
548 1728 739 1771 habeant
761 1731 1080 1786 interrogandi,
1118 1730 1489 1787 significationem
1513 1739 1588 1772 aut
1607 1732 1729 1772 aien-

257 1821 345 1851 tem
381 1818 455 1850 aut
486 1818 738 1865 negantem,
776 1811 821 1849 in
853 1808 1123 1850 infinitivum
1163 1811 1364 1861 transire,
1400 1818 1569 1851 ceteras
1603 1807 1728 1850 finito

257 1898 452 1944 tempore
474 1889 741 1929 coniunctivi
769 1887 884 1928 modi
909 1888 1072 1928 efferri.
1132 1888 1219 1930 Sed
1254 1889 1442 1943 primum
1474 1888 1542 1929 vir
1576 1887 1728 1929 doctus

258 1969 302 2008 in
345 1967 529 2008 materia
571 1966 821 2023 colligenda
863 1980 1070 2022 perverse
1112 1965 1274 2007 multos
1304 1965 1423 2007 locos
1467 1968 1729 2022 scriptorum

260 2055 458 2086 veterum
485 2046 723 2086 immiscuit
747 2045 847 2086 huic
874 2046 1119 2100 quaestioni,
1155 2046 1227 2100 qui
1254 2043 1307 2085 ab
1332 2059 1384 2086 ea
1408 2054 1555 2086 essent
1580 2044 1730 2097 alieni,

260 2138 393 2179 quum
438 2125 758 2178 interrogativa
792 2125 1012 2164 sententia
1056 2125 1183 2163 initio
1224 2125 1367 2178 posita
1415 2118 1632 2179 penderet
1677 2123 1731 2165 ab

259 2205 356 2257 ipso
383 2201 533 2252 verbo,
577 2203 804 2256 oratioque
838 2210 991 2257 postea
1014 2202 1188 2241 demum
1228 2202 1271 2241 in
1297 2200 1518 2256 obliquam
1544 2201 1727 2243 formam
1757 2236 1761 2239 .

262 2281 376 2322 dicta
407 2279 554 2320 aliena
587 2279 794 2319 reddendi
832 2281 1065 2331 transiret3
1098 2278 1221 2320 velut
1255 2280 1372 2332 (nam
1404 2293 1492 2327 uno
1525 2288 1568 2320 et
1591 2279 1731 2322 altero

264 2357 474 2413 exemplo
509 2357 690 2414 defungi
723 2357 844 2408 licet)
876 2359 920 2398 in
959 2372 1065 2399 voce
1108 2361 1305 2413 quisnam
1340 2357 1572 2414 adscripsit
1612 2358 1731 2401 Livii

268 2437 401 2479 verba
443 2451 503 2477 ex
533 2435 637 2477 libri
671 2435 736 2477 III
773 2451 808 2478 c.
842 2438 896 2476 4:
943 2449 1127 2491 quonam
1156 2435 1260 2485 fato
1295 2436 1734 2487 accidissenmirura·

295 2601 325 2645 ι)
359 2600 486 2635 Ueber
511 2599 584 2634 den
608 2600 747 2635 Aecus.
776 2610 805 2633 c.
830 2599 936 2634 infin.
963 2599 1062 2634 nach
1084 2596 1388 2646 Fragewiirtern⁵
1417 2599 1502 2634 dem
1519 2599 1733 2635 pronomen

358 2661 464 2697 relat.
490 2673 531 2696 so
555 2661 628 2694 wie
648 2660 747 2695 nach
764 2660 1077 2696 Coniunctioncn
1102 2662 1143 2695 in
1160 2661 1228 2695 der
1249 2661 1373 2696 oratio
1389 2661 1557 2708 obliqua.
1607 2661 1732 2696 Fasci-

360 2720 468 2755 culus
494 2721 641 2766 primus
677 2726 735 2757 est
765 2722 870 2765 libri,
897 2735 1010 2770 quem
1038 2723 1259 2770 inscripsit:
1288 2722 1638 2769 Untersuchungen
1663 2733 1731 2758 aus

357 2782 443 2817 dem
472 2781 631 2816 Gebiete
657 2783 724 2817 der
752 2783 816 2820 lat.
844 2784 1112 2831 Spraehlchre,
1139 2784 1268 2819 editus
1295 2783 1504 2818 Brunsuiei
1540 2788 1640 2820 1820.

290 2847 324 2886 ²)
363 2843 443 2878 Cfr.
478 2843 630 2890 Zumpt.
673 2846 694 2886 §
721 2848 802 2886 603,
841 2845 1020 2882 Billroth.
1056 2848 1078 2888 S
1112 2848 1180 2879 338
1215 2849 1307 2886 not,
1340 2844 1563 2881 Ramshorn.
1604 2848 1625 2889 §
1657 2849 1734 2887 186,

362 2904 410 2946 11,
439 2908 459 2937 3
486 2905 508 2939 b
532 2916 566 2951 p.
593 2908 660 2940 799
689 2916 784 2952 sqq„
809 2917 857 2941 ne
882 2906 975 2943 alios
1005 2907 1126 2941 citcm.
