1821 3309
274 229 340 278 48

154 416 156 419 y
194 370 313 420 fuit,
341 370 462 422 quin,
493 378 575 421 quo
606 368 653 406 in
679 375 846 419 genere
875 362 1069 405 iudicum
1092 367 1280 420 proemia
1313 369 1414 406 rata
1444 369 1602 415 essent,
1631 369 1679 407 in

208 447 353 489 eodem
399 444 570 486 iudicia
612 447 920 498 imperatorum
961 443 1195 484 valerent?
1240 441 1341 484 Non
1374 442 1514 485 dixit:
1557 442 1682 486 dubi-

207 525 386 568 tandum
420 528 498 574 est,
529 526 633 577 qum
667 547 719 554 —-
751 522 944 563 valeant.
1001 575 1008 581 „

325 601 494 656 Capitis
517 602 573 641 24
598 601 725 641 initio
743 599 941 641 Orellius
974 601 1130 641 merito
1164 598 1300 640 haeret
1329 600 1376 640 in
1404 597 1474 639 his
1507 597 1680 640 verbis:

208 695 346 736 neque
374 683 421 720 in
453 677 520 719 lee's
551 684 616 718 est
642 676 722 717 hoc
751 676 1078 732 reprehensm,22;
1125 692 1225 719 nam
1271 692 1412 733 neque
1454 678 1499 718 in
1529 691 1682 718 suaso-

208 759 330 801 ribus
373 756 487 813 legis
530 754 732 797 Serviliae
777 754 1037 810 reprehendi
1068 763 1239 811 poterat
1269 764 1474 811 tanquam
1507 756 1680 802 vitium,

210 838 323 893 quod
351 835 523 877 Latinis
558 832 722 887 aliquid
755 831 1037 882 tribuissent,
1082 834 1239 874 nedum
1273 832 1375 888 lege
1405 833 1683 888 reprehendi,

210 931 350 971 neque
392 917 436 955 in
478 913 679 962 Latinis,
735 911 850 966 quod
895 912 1181 965 accepissent.
1263 910 1432 952 Verum
1471 912 1517 950 in
1561 911 1684 951 codd.

210 993 412 1047 (PABE,
441 991 566 1032 Oxx.
597 990 641 1030 H
661 1003 708 1045 χ,
742 989 808 1029 ed.
843 989 969 1041 1480)
1005 997 1096 1030 est:
1148 1002 1287 1043 neque
1318 987 1385 1029 his
1416 994 1482 1029 esc
1508 987 1590 1029 hoc
1617 1001 1685 1030 re-

206 1070 464 1127 prehensum
497 1069 581 1122 (ed.
613 1069 724 1108 1472
756 1080 894 1122 neque
921 1065 989 1106 Ιιίε
1020 1065 1152 1120 Ιιοο),·
1197 1066 1475 1108 scribendum
1507 1076 1573 1108 est
1602 1068 1683 1123 igi-

212 1159 307 1191 tur:
352 1161 490 1203 neque
530 1150 598 1187 z'ecs
640 1151 705 1186 est
744 1144 825 1185 lmc
874 1145 1006 1200 (quod
1048 1143 1148 1201 lege
1177 1143 1373 1186 Servilia
1400 1146 1685 1187 constitutum

215 1227 327 1280 erat)
371 1224 675 1281 reprehensum
720 1224 903 1264 Licinia
945 1228 991 1263 et
1028 1223 1188 1265 Mucia
1221 1224 1332 1278 lege.
1388 1223 1461 1264 Ex
1503 1226 1575 1264 ius
1616 1223 1682 1264 fa-

215 1314 330 1347 ctum
363 1312 430 1344 est
460 1307 530 1353 iis,
552 1302 707 1342 deinde
737 1300 818 1341 lats.
882 1300 931 1341 In
954 1302 1192 1356 proximis:
1218 1313 1360 1356 genus
1389 1305 1527 1356 ipsum
1556 1314 1686 1343 accu-

215 1385 401 1424 sationis
431 1386 476 1421 et
505 1393 658 1420 nomen
689 1379 903 1421 eiusmodi
926 1383 1146 1433 proemium
1187 1387 1333 1419 utrum
1364 1385 1408 1420 et
1437 1387 1536 1421 ante
1571 1383 1684 1421 eins-

216 1460 335 1501 modc‘
373 1458 470 1499 addi
516 1457 675 1498 debeat
720 1472 774 1498 an
818 1458 1000 1513 gravius
1051 1456 1212 1497 vulnus
1268 1456 1407 1496 latere
1447 1457 1686 1512 putandum

217 1540 289 1589 sit,
334 1536 524 1578 dubitari
566 1544 723 1592 potest.
790 1535 1038 1591 Aequiesco
1083 1542 1228 1575 tamen
1272 1534 1318 1574 in
1349 1533 1512 1575 Orellii
1541 1535 1687 1576 conie-

219 1625 343 1658 ctura
371 1617 422 1669 1).

332 1692 381 1735 C.
419 1693 500 1743 25,
540 1692 598 1732 56
637 1690 861 1741 Orellius‚
913 1691 1215 1731 Erfnrtensem
1263 1689 1455 1730 codicem
1497 1696 1689 1741 secutus,

219 1773 395 1814 Graevio
427 1778 470 1810 et
501 1768 739 1809 Garatonio
770 1782 946 1821 parens,
978 1768 1134 1808 edidit:
1180 1767 1347 1807 idcirco
1382 1768 1466 1808 illa
1492 1770 1540 1808 ia
1571 1771 1691 1808 omni

211 1856 345 1906 parte
376 1850 590 1889 oraliom's
623 1859 712 1887 suoe
745 1851 841 1887 arte
873 1845 1084 1900 adspergi
1115 1843 1346 1896 videbatis,
1371 1859 1458 1885 non
1494 1845 1690 1886 animad-

219 1936 420 1977 vertens,
475 1926 728 1980 possessivo
778 1922 997 1965 reflexivo
1049 1921 1194 1963 locum
1249 1921 1320 1963 hic
1372 1936 1460 1964 non
1512 1936 1610 1964 esse
1635 1923 1687 1977 2).

249 2091 276 2132 ¹)
316 2091 337 2131 §
363 2091 409 2122 55
437 2086 550 2121 serih.
576 2084 764 2130 (PABE)2
801 2084 901 2128 quod
925 2095 1068 2129 semper
1102 2083 1242 2117 iudicio
1269 2088 1325 2117 est
1346 2085 1489 2129 populi.
1511 2083 1692 2136 ’Deinde

305 2146 561 2184 ,scribendum
587 2155 671 2178 esse
700 2157 788 2178 eum
811 2144 994 2178 WVciskio
1018 2144 1188 2189 proxime
1215 2145 1298 2178 dico
1324 2150 1428 2187 ante,
1454 2144 1554 2179 vidit
1578 2145 1689 2180 Orel-

313 2207 390 2240 lius
419 2205 460 2239 in
488 2204 586 2239 Add.
611 2203 685 2238 vol.
707 2204 762 2238 lv
786 2217 822 2250 p.
838 2208 871 2241 2.
932 2205 998 2249 [Et
1025 2205 1080 2238 ita
1106 2204 1250 2239 habent
1275 2204 1429 2240 codices
1445 2205 1690 2250 Beruenses]

247 2269 280 2311 ²)
318 2267 395 2301 Ubi
431 2279 522 2301 suns
545 2277 615 2313 pro
641 2267 721 2300 eius
744 2265 899 2300 videtur
927 2265 1034 2312 poni,
1060 2277 1209 2313 semper
1238 2271 1297 2301 est
1327 2267 1408 2301 eius
1435 2268 1556 2312 ipsius
1581 2268 1690 2311 (con-

319 2327 479 2362 trarium
507 2328 674 2370 alieno);
715 2339 790 2373 quo
825 2327 996 2374 pertinet
1023 2327 1157 2367 etiam,
1194 2338 1312 2373 quum
1336 2329 1397 2363 sui
1417 2326 1694 2372 intelliguntur

317 2390 534 2437 propinqui.
583 2388 861 2423 Ramshornius
894 2401 928 2434 p.
958 2391 1027 2422 543
1058 2400 1112 2434 sq.
1151 2387 1226 2422 duo
1262 2387 1379 2422 habet
1411 2387 1605 2422 contraria
1632 2398 1691 2422 ex-

319 2451 466 2496 empla,
504 2449 667 2483 alterum
694 2461 738 2483 ex
766 2448 846 2483 Cic,
875 2449 1042 2496 Philipp.
1068 2448 1149 2490 lv,
1177 2451 1222 2490 2,
1254 2450 1277 2482 4
1313 2453 1539 2495 corruptum
1571 2450 1694 2493 (recte

319 2510 444 2548 Vatie.
469 2515 506 2545 et
531 2522 576 2545 ex
600 2521 643 2545 eo
661 2510 851 2555 Muretus,
879 2510 1064 2551 Faernus,
1088 2508 1279 2543 Orellius:
1305 2510 1341 2543 si
1370 2509 1410 2544 G.
1430 2509 1594 2544 Caesarz's
1613 2508 1692 2553 for-

320 2574 545 2607 tissimorum
573 2573 635 2606 sui
657 2573 781 2616 patris
806 2573 964 2606 militum
990 2572 1174 2606 exercitus
1199 2582 1275 2604 non
1298 2569 1480 2614 fuiss-et),-
1517 2568 1694 2610 alterum,

321 2637 367 2665 ut
406 2637 539 2678 posset
572 2642 751 2677 perverse
787 2631 1058 2679 interpretari,
1089 2632 1173 2677 ipse
1205 2629 1412 2664 mutilavit.
1473 2628 1568 2664 Nam
1592 2628 1695 2675 apud

323 2691 411 2727 Tac.
435 2692 535 2726 Ann.
566 2691 634 2732 vl,
658 2693 705 2724 24
732 2691 893 2737 leg-itur:
940 2694 1054 2728 etiam
1089 2704 1161 2726 sua
1192 2691 1310 2726 verba
1336 2691 1506 2725 centurio
1542 2691 1696 2725 soevitiae

323 2754 451 2798 plena,
480 2760 635 2800 tanqu
649 2765 713 2786 am
743 2755 1021 2799 eyn-eqium,
1061 2752 1160 2796 (haee
1188 2750 1320 2785 omisit
1346 2749 1484 2794 Rshn.)
1515 2763 1696 2798 vocesque

328 2815 538 2861 deficientis
574 2815 783 2852 adiecerat.
849 2814 1046 2849 Gloriatus
1088 2817 1168 2847 erat
1201 2811 1402 2853 centurio,
1449 2823 1563 2858 quam
1597 2823 1695 2847 saeve

327 2875 498 2911 Drusum
528 2880 740 2911 tractasset.
802 2875 1078 2912 Ramshornius
1105 2886 1176 2910 sua
1202 2873 1283 2909 vult
1304 2883 1386 2909 csse
1413 2873 1556 2908 Drusi!
