1821 3309
308 199 408 248 230

246 340 367 379 illam
394 340 694 379 auctoritatem
716 339 760 377 in
785 336 864 376 hac
889 338 1085 376 oratione
1117 350 1231 391 saepe
1255 336 1497 377 manifestis
1528 336 1694 377 mendis

245 416 743 474 interpolationibusque
761 416 912 465 minui,
933 414 1037 455 alibi
1056 429 1275 470 exponam
1297 414 1489 455 uberius.
1549 414 1694 468 (Quod

246 498 289 537 in
324 496 438 538 libro
471 496 513 537 II
545 498 597 537 de
632 495 802 538 Invent.
837 493 861 548 ξ
891 495 945 534 ’73
976 502 1017 534 et
1047 496 1103 535 '76
1133 493 1356 535 scribitur:
1397 507 1522 549 queem
1555 506 1696 534 omnes

242 580 438 630 perituri
465 577 624 616 milites
655 579 810 624 essem,
844 576 934 613 nise·
963 573 1022 613 ad
1047 571 1159 613 hamc
1180 576 1428 627 pactionem
1462 576 1695 620 venissent,

247 661 387 696 ulrum
418 659 556 695 salius
572 652 725 703 fecerit
748 656 950 693 ann'llere
979 653 1137 692 milltes·
1167 665 1224 692 cm
1251 652 1311 692 ad
1337 651 1450 692 Ιιαησ
1477 651 1695 691 condicio—

249 748 342 775 nem
373 738 536 784 venire,
583 733 645 773 ibi
676 738 819 773 essent
848 731 1218 771 accommodatum
1252 739 1317 770 est
1350 731 1402 771 ad
1432 730 1696 785 praeteritum

249 822 418 867 tempus
449 814 675 853 sententiae
707 812 920 866 primariae
956 812 999 850 in
1032 809 1166 850 verbo
1185 808 1372 863 faerit.)
1434 808 1574 859 Patet,
1606 808 1698 863 opi-

250 906 344 943 nor,
374 907 524 933 verum
556 906 669 942 esse,
701 890 812 945 quod
845 891 969 930 initio
1000 891 1150 945 posui3
1182 904 1261 929 nec
1284 887 1491 929 dubitabo
1521 889 1565 927 in
1597 901 1698 937 uno,

251 972 324 1026 qui
357 970 515 1022 obstat,
553 969 776 1011 Ciceronis
807 968 904 1009 loco
937 968 1005 1022 (de
1035 967 1231 1009 Divinat.
1268 966 1325 1018 Il,
1355 969 1396 1018 8,
1427 968 1505 1007 21:
1537 971 1628 1016 ant,
1661 969 1702 1006 si

237 1048 361 1099 fille,
387 1052 561 1089 etiamsi
583 1048 920 1103 oblemperasset
937 1051 1159 1101 auspiciis,
1183 1046 1294 1087 idem
1317 1052 1563 1087 eventurum
1575 1044 1700 1094 fecis-

251 1131 349 1181 sel,)
380 1126 659 1168 librariorum
690 1127 975 1166 temeritatem
1010 1139 1212 1166 accusare
1242 1126 1535 1180 scriptumque
1568 1140 1593 1165 a
1629 1123 1700 1165 Ci-

252 1221 407 1247 cerone
439 1214 591 1262 putare
612 1205 727 1255 fan.
753 1206 780 1257 ¹)

252 1336 337 1384 lV.
408 1336 651 1383 particula
689 1354 798 1381 num
833 1351 928 1379 non
973 1334 1164 1395 ponitur
1201 1336 1248 1379 in
1284 1336 1442 1397 priore
1487 1333 1699 1381 membro

605 1424 992 1490 interrogationis
1040 1422 1344 1471 disiunctivae.

364 1540 504 1581 Vetus
550 1547 616 1580 est
661 1553 806 1589 error,
849 1538 962 1592 quod
1003 1551 1100 1578 mem
1147 1538 1505 1592 quemadmodum
1547 1543 1703 1589 utrum,

252 1621 391 1661 rarius
420 1628 565 1660 tamen
608 1626 682 1658 aut
713 1632 807 1658 cum
841 1616 930 1657 levi
961 1616 1294 1672 significationis
1318 1616 1617 1666 inclinatione,
1658 1618 1701 1657 in

252 1700 396 1755 priore
427 1697 623 1739 membro
646 1697 1003 1751 interrogationis
1025 1695 1296 1736 disiunctivoe
1320 1697 1423 1751 poni
1446 1696 1645 1746 traditur,
1663 1695 1703 1751 2)

255 1777 476 1818 tollendus
511 1776 760 1832 aliquando.
824 1773 933 1815 Nam
967 1773 1047 1815 illa
1077 1773 1288 1829 particula
1319 1783 1408 1815 tota
1440 1784 1592 1816 natura
1624 1789 1703 1816 sua

252 1858 298 1896 in
328 1871 414 1896 una
442 1864 483 1896 et
513 1853 700 1908 simplici
730 1855 1073 1907 interrogatione
1108 1853 1254 1894 sedem
1284 1853 1439 1902 habet;
1470 1854 1545 1894 sed
1576 1854 1701 1895 fefel-

252 1934 305 1975 lit
335 1949 426 1985 eos,
457 1936 530 1990 qui
558 1934 741 1989 primum
774 1934 834 1973 ita
865 1941 1176 1988 praeceperunt,
1210 1932 1322 1987 quod
1353 1931 1542 1987 simplici
1570 1934 1702 1974 inter-

253 2014 471 2069 rogationi
513 2027 589 2068 per
628 2025 725 2052 mem
772 2013 925 2066 positae
967 2026 1052 2052 uno
1085 2019 1127 2051 et
1163 2009 1301 2051 altero
1331 2010 1428 2051 loco
1462 2011 1703 2053 adnectitur

255 2100 457 2146 tanquam
501 2091 716 2130 contraria
758 2104 873 2130 nova
913 2091 1216 2144 interrogatio,
1259 2091 1445 2143 priorem
1482 2093 1703 2145 corrigens

256 2177 298 2208 et
327 2168 503 2222 longius
532 2168 817 2222 progrediens
848 2181 1103 2222 responsum
1134 2175 1249 2206 certa
1280 2169 1526 2207 coniectura
1556 2169 1704 2222 praeci-

255 2248 431 2302 piendo,
466 2260 642 2301 prorsus
689 2254 734 2286 ut
771 2260 898 2301 quum
947 2246 1127 2286 dicimus
1167 2243 1275 2297 (Cic.
1312 2243 1442 2285 Tusc.
1482 2244 1524 2285 Il
1554 2244 1580 2299 ξ
1607 2246 1703 2299 42);

256 2326 370 2367 uncle
390 2329 528 2380 igilur
559 2325 740 2365 ordiar?
769 2338 825 2364 aa
854 2324 1001 2365 eadem
1031 2323 1221 2365 breviter
1248 2324 1496 2378 atlz'ngam?
1523 2332 1597 2364 aut
1628 2324 1704 2378 (id.

285 2488 312 2530 ¹)
349 2487 448 2531 [Non
473 2487 586 2533 longe
612 2492 799 2522 remotum
825 2490 882 2520 cst
907 2485 953 2519 ab
979 2485 1048 2519 hac
1075 2485 1310 2532 quaestione,
1339 2487 1440 2533 quod
1466 2487 1506 2520 in
1531 2468 1703 2521 oratione

346 2549 557 2584 Miloniana
583 2562 615 2586 c.
645 2553 710 2594 18,
749 2552 794 2583 48
828 2548 970 2593 legitur
1000 2548 1041 2582 in
1075 2548 1264 2582 sententia
1293 2548 1558 2582 condicionem
1583 2547 1703 2582 conti.

349 2615 480 2644 uento:
518 2613 709 2659 Siquidem
735 2613 904 2645 exiturus
929 2610 984 2642 acl
1005 2610 1138 2643 credent
1164 2623 1183 2644 e
1206 2611 1300 2644 villa
1325 2623 1398 2644 non
1418 2610 1567 2654 fuisset.
1609 2608 1701 2643 Haec

350 2671 450 2705 enim
476 2673 651 2707 condicio
678 2672 869 2706 contraria
896 2676 951 2705 est
978 2682 1055 2704 non
1079 2669 1169 2704 huie
1195 2670 1458 2705 affirmationi:
1495 2671 1574 2704 Sed
1596 2672 1699 2711 exiit,

350 2744 479 2766 verum
499 2733 610 2767 huic:
638 2736 704 2768 sed
725 2735 892 2768 exirm-us
915 2733 1004 2777 linit,
1031 2736 1067 2766 et
1083 2731 1154 2765 hoc
1172 2731 1381 2777 significat:
1410 2732 1601 2779 Siquidem
1626 2746 1698 2767 mm

351 2797 590 2830 constitutum
625 2797 814 2829 habuisset
841 2795 966 2837 exire]

284 2857 312 2898 ²)
353 2856 465 2890 Velut
490 2857 588 2902 apud
615 2857 832 2902 Zumptium
860 2859 880 2898 §
910 2858 989 2896 354,
1014 2854 1236 2891 Ramshorn.
1261 2867 1298 2900 p.
1325 2858 1403 2896 717,
1434 2859 1520 2889 cett.
