1821 3309
231 190 300 240 90

161 341 384 380 exactum,
416 342 476 370 ex
509 327 670 382 Hecyr.
701 326 782 379 IV,
812 329 854 379 2,
888 330 944 370 23
975 327 1167 385 intelligi
1200 338 1366 385 potest:
1411 327 1490 372 Sic
1520 337 1642 386 optu-

160 425 239 462 me,
272 415 321 450 ut
349 422 429 463 ego
464 411 643 462 opinor,
676 411 812 448 onmis
847 422 1025 449 caussas
1047 408 1290 463 proecc‘dam
1323 409 1546 461 omuibus,
1580 409 1644 452 Et

160 504 226 531 me
256 488 339 530 lmc
370 490 621 542 suspicione
656 487 879 527 exsolvam
913 492 958 527 et
986 488 1077 528 e'llcs·
1107 501 1263 528 morem
1291 502 1487 543 gessero,
1519 497 1563 530 et
1582 503 1640 531 ex

158 567 307 611 Plauti
345 566 524 609 Asinar.
562 565 630 616 ΙΙ,
661 567 716 615 2,
751 567 826 608 14:
887 566 1054 607 Herum
1101 571 1144 608 iu
1191 566 1417 609 obsidione
1458 568 1643 623 linquet,

161 650 385 689 im'mz‘cmn
422 649 589 687 (mimos
620 649 818 686 auxerit.

280 724 339 767 IL
402 723 602 774 Deinde,
648 732 694 764 ut
739 723 812 774 fit,
861 724 1071 779 analogia
1105 724 1335 776 trahente,
1379 725 1642 766 transfertur

158 806 353 846 futurum
388 812 595 845 exactum
625 803 678 843 ad
710 801 1046 859 significandam
1081 818 1172 844 rem
1203 818 1288 843 non
1321 804 1366 843 in
1402 803 1542 846 altera
1575 805 1638 846 in-

159 883 355 934 clusam,
387 883 464 924 sed
497 896 589 938 quae
621 897 697 935 per
731 897 778 923 se
809 882 941 923 simul
978 881 1074 923 fieri
1111 883 1276 937 possit3
1331 883 1374 922 in
1412 897 1497 938 quo
1531 897 1638 939 prae-

158 964 277 1004 teriti
312 964 432 1003 notio
469 963 611 1016 magis
642 963 726 1002 iam
759 962 1034 1013 obscuratur,
1068 963 1151 1002 nisi
1185 961 1299 1017 quod
1334 960 1426 1002 haec
1455 960 1639 1003 alterius

158 1041 280 1083 illius
322 1042 507 1081 aetionis
551 1049 592 1080 et
637 1042 879 1081 occasionis
909 1042 1052 1095 spatio
1086 1039 1292 1081 absoluta
1326 1041 1420 1081 fore
1450 1041 1635 1082 videtur.

158 1120 256 1162 Hoc
287 1135 426 1177 genus
462 1120 667 1175 frequens
702 1128 766 1160 est
801 1121 843 1160 in
881 1119 1097 1175 particula
1130 1119 1307 1170 eadem,
1342 1120 1456 1174 apud
1493 1118 1638 1160 Plaut.

157 1199 318 1242 Bacch.
351 1198 383 1250 Ι,
418 1201 461 1248 1,
495 1199 574 1241 15:
606 1198 775 1240 Eadem
809 1197 992 1247 be‘bere's3
1036 1199 1185 1239 eadem
1220 1198 1380 1238 dedero
1409 1197 1517 1249 tc‘bc',
1563 1196 1640 1239 ubi

158 1278 335 1328 biberis,
367 1282 563 1326 saciacum
597 1277 797 1319 Mostell.
829 1278 908 1328 IV,
926 1280 968 1328 3,
999 1279 1080 1320 45:
1117 1278 1354 1334 eademque
1385 1291 1518 1332 opera
1545 1274 1638 1318 ltaec

157 1357 242 1399 tibi
270 1371 539 1405 narravero,⁶
575 1357 782 1400 Pseudol.
820 1356 854 1407 I,
886 1358 930 1405 3,
960 1359 1031 1407 99,
1064 1355 1188 1412 Capt.
1222 1356 1277 1406 11,
1312 1359 1354 1407 2,
1386 1358 1456 1398 43.

271 1435 355 1477 Ill.
420 1436 679 1478 Proximum
719 1445 812 1488 est,
854 1438 897 1476 in
931 1451 1014 1492 quo
1053 1445 1233 1492 apparet
1265 1435 1369 1486 illa,
1402 1449 1530 1490 quam
1565 1449 1636 1476 so·-

156 1515 243 1557 lam
271 1516 362 1557 fere
393 1517 670 1571 grammatici
704 1525 961 1571 sequuntur,
991 1515 1230 1556 celeritatis
1265 1516 1429 1556 notatio
1467 1512 1538 1555 vel
1572 1515 1637 1556 rei

156 1610 278 1652 paene
313 1597 400 1637 iam
433 1595 486 1635 ad
522 1596 692 1635 exitum
726 1595 971 1650 perductae,
1020 1603 1067 1635 ut
1111 1605 1288 1650 propter
1331 1608 1427 1635 eam
1458 1607 1635 1634 causam

155 1689 223 1727 eo,
258 1689 343 1731 quo
379 1676 464 1715 iam
498 1674 612 1723 dixi,
656 1674 784 1715 modo
817 1672 918 1714 finis
952 1675 1138 1714 actionis
1169 1675 1314 1715 animo
1350 1672 1635 1729 comprehen-

155 1753 298 1795 datur.
377 1752 640 1793 Huiusmodi
684 1753 798 1808 apud
844 1752 1047 1793 Plautum
1091 1761 1157 1792 est
1198 1752 1325 1793 Asin.
1373 1752 1430 1803 ΙΙ,
1474 1753 1517 1803 4,
1558 1752 1635 1792 40:

155 1831 253 1873 Iam
285 1830 356 1872 laic
386 1845 451 1871 me
474 1830 673 1886 abegerit
704 1845 780 1871 suo
810 1831 908 1871 ode'o
942 1835 1006 1881 (er
1039 1830 1148 1872 xvii-d
1171 1830 1282 1870 mich
1316 1829 1417 1871 bald
1451 1831 1634 1871 vertrie·

155 1909 239 1951 ben
273 1909 435 1963 haben)
473 1918 514 1949 et
545 1908 794 1950 Mostellar.
827 1910 885 1960 V,
900 1912 944 1959 2,
973 1911 1051 1950 52:
1083 1908 1182 1964 Ego
1214 1910 1335 1950 illum
1360 1907 1628 1957 verberibus,

152 1994 199 2029 a!
232 1992 293 2030 sil
321 1992 516 2044 quietus,
555 1987 765 2044 snbegero
814 1988 898 2042 (ich
929 1988 1076 2030 werde
1110 1988 1183 2028 ibn
1218 1987 1318 2028 bald
1354 2002 1631 2044 gezwungen

153 2065 329 2120 haben),
363 2076 405 2108 et
436 2069 479 2107 in
515 2068 666 2108 eadem
701 2066 852 2108 fabula
885 2066 965 2118 ΙΙΙ,
999 2069 1039 2117 1,
1070 2069 1150 2110 62:
1193 2067 1414 2109 ssIoleslus
1455 2070 1498 2107 si
1524 2079 1631 2117 sum,

152 2145 325 2186 reddite
367 2151 627 2199 argentium:
676 2146 826 2186 abiero
865 2146 980 2199 (add.
1018 2146 1226 2189 Pseudol.
1262 2146 1310 2197 I,
1341 2147 1393 2198 3,
1425 2145 1552 2200 116),
1585 2153 1629 2186 et

153 2223 266 2278 apud
303 2221 563 2263 Terentium
594 2223 733 2264 Andr.
765 2224 823 2275 ΙΙ,
854 2226 896 2275 3,
927 2227 979 2265 7:
1013 2225 1175 2266 dictum
1205 2240 1258 2266 ac
1277 2226 1474 2275 saelum,
1505 2227 1628 2265 inve-

152 2305 272 2342 nerit
302 2302 493 2356 aliquam
528 2316 742 2349 caussam,
777 2302 1051 2357 quamobrem
1081 2307 1217 2343 eiciat
1243 2303 1401 2357 oppido
1432 2303 1563 2352 (wird
1584 2316 1630 2343 er

151 2379 373 2436 gesunden
408 2379 584 2433 haben).
651 2381 805 2437 Itaque
839 2390 880 2421 et
912 2384 1218 2436 promittentes
1250 2390 1292 2422 et
1312 2382 1528 2422 minantes
1548 2379 1631 2421 hac

152 2458 292 2500 forma
309 2468 504 2511 utuntur,
537 2459 658 2500 velut
685 2461 796 2516 apud
810 2459 954 2501 Plaut.
967 2459 1150 2501 Mercat.
1176 2460 1290 2512 11,3,
1307 2462 1385 2502 38:
1418 2473 1560 2500 verum
1581 2472 1628 2500 a·

152 2542 313 2578 ctutum
344 2538 618 2590 abscesserit,
651 2553 767 2594 saepe
800 2539 948 2580 addito
984 2544 1088 2590 iam,
1124 2542 1256 2580 etiam
1294 2538 1368 2579 ubi
1402 2538 1628 2579 evanescit

150 2628 274 2670 paene
304 2618 368 2656 rei
398 2616 610 2658 absolutae
647 2619 873 2674 cogitatio,
905 2626 952 2658 ut
984 2617 1083 2659 Cas.
1120 2618 1199 2668 III,
1234 2619 1276 2668 4,
1311 2619 1368 2657 23
1409 2617 1507 2670 (ego
1538 2618 1626 2656 iam

142 2706 229 2747 per
261 2691 429 2736 hortum
461 2699 626 2736 iussero
657 2697 811 2737 sileam
847 2701 961 2737 istnc
996 2700 1188 2736 transire
1211 2694 1428 2747 uxorem),
1460 2702 1503 2734 et
1518 2691 1629 2735 Bac-

152 2770 264 2812 chid.
297 2771 382 2822 IV,
415 2773 466 2823 9,
504 2775 609 2815 143:
668 2779 753 2815 iam
794 2789 874 2830 ego
919 2774 1003 2816 lzuc
1031 2786 1240 2815 revenero
1277 2771 1438 2826 (werde
1467 2772 1627 2813 zuric‘ck

150 2863 281 2904 scyti,
321 2865 407 2893 non
438 2851 608 2894 solum:
649 2854 884 2906 kommen),·
932 2854 1030 2895 add.
1058 2851 1158 2895 Cas.
1193 2851 1259 2904 11,
1287 2853 1340 2904 4,
1370 2851 1426 2893 18
1455 2857 1499 2892 et
1527 2847 1624 2891 Mil.
