1821 3309
261 183 362 233 352

859 621 992 691 lx,

595 790 658 845 Μ
666 791 971 846 isccllanca
1026 788 1259 846 Critica.

391 1057 456 1105 A.
526 1054 813 1115 Quintiliani
847 1054 943 1102 loci
978 1052 1074 1100 duo
1113 1049 1364 1100 emendati.
1404 1049 1445 1112 1)

549 1168 963 1220 Quintilianus
1003 1168 1077 1218 X,
1109 1169 1160 1217 1,
1190 1169 1288 1208 130.

191 1244 575 1340 Quintilianusin
590 1277 797 1334 praeclaro
824 1278 876 1318 de
902 1278 1070 1319 Seneca
1090 1275 1251 1315 iudicio
1269 1274 1329 1313 ita
1346 1271 1510 1324 scribit,
1527 1274 1652 1314 sico-

186 1359 355 1400 dicibus
370 1368 412 1399 et
434 1359 746 1399 recentissimis
763 1355 1028 1397 editionibus
1051 1353 1161 1395 fides
1175 1352 1375 1394 habenda
1394 1360 1481 1394 est:
1509 1352 1652 1394 Velles

191 1454 284 1480 eum
316 1452 392 1479 suo
419 1441 597 1493 ingenio
633 1437 817 1487 dixisse,
848 1435 1014 1476 iudicio
1048 1435 1211 1475 alieno.
1282 1430 1398 1472 Nam
1428 1435 1471 1472 si
1500 1433 1652 1488 aliqua

188 1522 527 1574 contempsisset,
556 1521 764 1572 siparum
792 1529 878 1557 non
908 1518 1195 1570 concupisset,
1225 1516 1268 1553 si
1291 1525 1376 1553 uon
1403 1516 1547 1553 omm‘a
1571 1526 1652 1555 sua

187 1605 388 1650 amasset,
442 1601 484 1638 st·
531 1611 672 1638 rerum
717 1596 920 1652 pondera
962 1597 1260 1636 valentissimis
1298 1596 1528 1634 sententiis
1564 1607 1651 1635 non

174 1678 421 1735 fregisset,
479 1691 689 1718 consensu
736 1680 888 1732 polius
941 1675 1207 1716 eruditorum
1251 1686 1377 1728 quam
1412 1686 1650 1728 puerorum

185 1773 332 1800 amore
374 1757 740 1813 comprobaretur.
820 1756 906 1798 Sed
955 1763 1138 1811 quantas
1178 1751 1328 1794 turbas
1361 1753 1653 1795 excitaverint

182 1838 285 1881 illa:
316 1842 357 1879 si
380 1852 538 1893 parum
568 1851 654 1878 non
687 1839 972 1891 concupisset,
1004 1849 1091 1875 non
1117 1842 1198 1885 est,
1225 1848 1300 1874 cur
1332 1831 1481 1873 multis
1512 1847 1650 1889 expo-

184 1934 313 1967 nam;
366 1932 464 1959 nam
505 1932 564 1958 ex
610 1931 694 1973 quo
744 1915 1029 1972 Spaldingius
1076 1913 1267 1968 negandi
1296 1910 1556 1968 particulam
1588 1927 1650 1954 ex

184 1997 406 2040 codicibus
444 1998 602 2038 adiecit
635 1997 895 2052 docuitque,
936 2009 1032 2035 eam
1062 1995 1349 2049 scripturam,
1386 1992 1432 2033 in
1467 2007 1552 2048 qua
1578 2006 1651 2033 su-

181 2080 378 2134 periores
407 2078 758 2132 acquievissent,
798 2077 991 2130 ineptam
1033 2087 1155 2123 esse,
1199 2086 1286 2113 non
1317 2072 1459 2113 minor
1491 2081 1652 2114 exorta

183 2167 249 2198 est
277 2154 508 2198 difficultas
542 2156 586 2194 in
619 2169 671 2195 ea
699 2152 1042 2208 interpretanda,
1073 2166 1167 2208 quae
1206 2164 1320 2191 nunc
1350 2158 1537 2191 tenetur.
1597 2150 1650 2192 In

184 2251 269 2293 quo
304 2244 460 2277 conatu
491 2233 691 2274 homines
726 2231 842 2274 docti
872 2231 981 2273 adeo
1013 2245 1101 2272 non
1131 2230 1434 2280 consentiunt,
1479 2237 1526 2270 ut
1564 2231 1648 2271 vix

182 2317 290 2358 duos
318 2315 527 2371 reperias,
559 2314 633 2369 qui
662 2313 777 2353 idem
806 2310 1017 2367 probent3
1048 2325 1189 2366 neque
1209 2310 1251 2350 id
1270 2310 1426 2350 mirum
1446 2309 1649 2365 cuiquam

181 2395 324 2437 videri
354 2393 496 2434 debet.
558 2391 713 2448 Neque
744 2392 860 2432 enim
893 2391 1176 2444 pronuntiare
1204 2387 1370 2439 dubito,
1402 2402 1544 2445 neque
1579 2388 1650 2429 ul-

181 2474 270 2516 lam
302 2488 363 2515 ex
392 2474 447 2514 iis
473 2469 924 2528 interpretationibus,
955 2484 1049 2527 quae
1080 2470 1316 2526 propositae
1348 2475 1466 2520 sunt,
1495 2481 1648 2509 veram

182 2569 280 2595 esse
320 2567 460 2609 neque
504 2553 721 2594 veriorem
764 2551 949 2606 reperiri
991 2563 1144 2605 posse;
1194 2550 1292 2605 ipsa
1338 2549 1454 2589 enim
1508 2545 1646 2589 verba

183 2641 389 2688 corrupta
419 2640 546 2682 sunt3
582 2631 696 2686 quod
724 2630 994 2686 argumentis
1012 2626 1332 2681 confirmarem,
1361 2628 1399 2669 si
1425 2635 1500 2669 aut
1517 2624 1645 2682 Spal-

183 2713 381 2768 dingium
414 2720 489 2752 aut
508 2709 818 2753 Frotscherum
848 2717 924 2751 aut
954 2723 1214 2765 quemquam
1247 2706 1383 2749 alium
1416 2706 1644 2746 sententiae

221 2878 252 2920 ¹)
280 2876 354 2922 [Ex
370 2874 549 2912 Scebodii
576 2874 818 2912 Bibliotheca
845 2875 941 2914 crit.
966 2877 1106 2912 a‚1828
1131 2885 1167 2920 p.
1195 2875 1274 2908 630.
1300 2870 1452 2918 Scripta
1469 2883 1501 2907 a.
1519 2870 1640 2913 18273]
