1821 3309
1464 223 1531 273 47

131 364 309 418 licebat,
343 365 402 406 de
436 361 632 405 hostib-ns
665 376 751 404 non
785 361 970 404 licebit?
1004 375 1076 413 cm,
1112 363 1229 418 qnod
1260 363 1455 418 adipz'scz’
1480 369 1604 419 pole-

129 449 235 486 rant
273 443 475 493 dicendo,
518 442 570 483 id
608 445 672 482 eis
703 444 885 496 assequi
902 440 1148 495 pugnando
1177 453 1264 481 non
1296 440 1482 482 licebit?
1515 436 1603 485 Sed

130 521 242 578 quod
278 522 466 576 optimas
507 534 555 561 se
595 527 793 561 secutum
827 519 1111 560 auctoritates
1147 518 1267 569 dicit,
1298 519 1466 574 exigua
1495 534 1602 562 sane

129 608 231 642 ante
274 599 358 641 hoc
400 607 587 655 tempus,
631 599 716 639 nisi
751 597 924 654 quando
969 595 1185 637 Gruterus
1218 595 1383 652 aliquid
1416 611 1440 638 e
1474 596 1603 639 bonis

129 678 252 720 codd.
296 676 541 734 protulerat
580 676 715 733 (quod
745 690 861 732 saepe
890 677 986 731 ipse
1016 675 1239 718 erroribus
1267 675 1606 732 corrumpebat),

129 758 271 798 omnis
312 765 406 798 erat
456 758 502 798 in
542 756 624 797 hac
671 757 870 797 oratione
912 756 1166 806 auctoritas,
1206 769 1286 796 nec
1319 769 1371 795 ea
1401 755 1442 796 ei
1473 755 1603 797 valde

127 835 321 878 favebat.
373 834 501 877 Nunc
527 842 712 885 constat,
730 833 901 875 codices
918 832 1108 887 (PEAB)
1135 842 1177 874 et
1194 832 1419 888 bispolue'c
1437 833 1600 876 habere

129 921 173 955 et
211 922 277 955 ter
321 912 499 964 licebat,
540 921 709 953 tantum
756 910 965 967 vulgares
1005 911 1234 966 paululum
1267 911 1487 953 aberrare.
1552 912 1601 954 In

131 991 366 1033 Orelliana
410 991 626 1046 scriptura
670 998 947 1044 comparatur
992 987 1254 1029 beneficium
1293 988 1466 1030 Latinis
1499 989 1602 1046 lege

130 1068 323 1112 Servilia
356 1068 478 1120 olim,
513 1081 645 1123 quum
671 1067 864 1108 nondum
898 1074 1047 1108 essent
1081 1067 1216 1117 cives,
1252 1081 1523 1119 concessum,
1556 1077 1604 1109 ut

130 1147 373 1189 accusando
396 1148 620 1189 civitatem
645 1147 853 1202 consequi
884 1154 1078 1202 possent,
1110 1160 1207 1186 cum
1235 1160 1303 1196 eo,
1335 1146 1449 1201 quod
1477 1161 1603 1188 accu-

127 1233 248 1267 sator
292 1239 407 1266 nunc
439 1225 541 1267 aliis
572 1225 807 1267 foederatis
841 1225 1013 1280 eripiat,
1049 1223 1212 1265 bellica
1246 1223 1403 1266 saltem
1437 1226 1602 1267 virtute

131 1312 175 1346 et
227 1303 438 1361 periculis
481 1304 537 1345 ad
577 1318 674 1345 eam
716 1303 1020 1360 perveniendi.
1085 1301 1372 1343 perturbatur
1401 1303 1601 1345 nonnihil

129 1384 386 1425 meritorum
423 1384 692 1439 comparatio
731 1382 897 1423 adscita
939 1383 983 1422 in
1030 1382 1400 1435 comparationem
1435 1390 1602 1436 ternpo-

125 1462 187 1503 ris
217 1463 458 1511 varietate,
504 1474 598 1516 quae
633 1474 684 1501 eo
718 1462 859 1516 magis
894 1460 1099 1510 offendit,
1146 1474 1278 1514 quum
1311 1461 1457 1501 omnia
1487 1460 1601 1502 refe-

129 1547 280 1581 rantur
323 1539 376 1580 ad
417 1554 550 1580 unum
594 1540 807 1580 maiorum
842 1538 1067 1578 iudicium.
1134 1536 1343 1579 Codicum
1376 1540 1601 1595 scripturoe

128 1618 220 1660 haec
253 1626 320 1659 est
350 1619 580 1659 verissima
610 1618 851 1658 sententia:
883 1615 982 1657 ”An
1017 1615 1098 1657 hoc
1129 1616 1272 1657 dicitis
1303 1617 1437 1670 (tuin,
1469 1632 1600 1674 quum

128 1696 277 1738 Latini
308 1695 386 1736 illo
418 1694 636 1736 beneficio
666 1694 780 1750 legis
808 1694 1011 1736 Serviliae
1041 1693 1291 1747 utebantur)
1323 1694 1476 1750 lingua
1508 1699 1602 1753 qui-

129 1775 226 1815 dem
260 1781 302 1815 et
333 1774 512 1828 ingenio
541 1774 765 1814 civitatem
799 1774 1007 1827 consequi
1041 1786 1118 1813 eos
1148 1773 1375 1826 potuisse,
1405 1788 1492 1815 non
1525 1789 1602 1832 -po-

127 1853 266 1894 tuisse
305 1853 409 1892 item
456 1851 628 1905 (eodem
664 1850 879 1906 tempore)
914 1850 1075 1892 armis?
1119 1851 1199 1892 (Ge.
1260 1850 1378 1903 Ῑηιο,
1411 1854 1485 1908 qui
1519 1853 1603 1896 hoc

128 1932 193 1973 eis
231 1929 479 1972 tribuerunt
516 1931 707 1971 maiores
750 1930 913 1979 nostri,
959 1937 1007 1969 ut
1053 1929 1298 1970 accusando
1340 1932 1461 1972 cives
1504 1930 1602 1973 fieri

127 2017 331 2066 possent,
372 2007 510 2049 multo
556 2009 698 2064 magis
737 2006 907 2048 bellicae
948 2007 1273 2048 foederatorum
1314 2009 1468 2049 virtuti
1502 2024 1601 2052 eum

130 2088 340 2129 honorem
386 2101 411 2128 a
451 2099 499 2127 se
544 2085 698 2127 haberi
738 2085 873 2127 licere
918 2094 1199 2140 putaverunt.
1278 2086 1406 2128 Patet
1451 2089 1600 2144 igitur,

128 2167 318 2208 maiores
346 2166 441 2221 ipsa
471 2165 550 2207 illa
580 2165 681 2221 lege
716 2164 924 2217 Servilia,
955 2179 1087 2221 quum
1118 2172 1235 2206 esset
1265 2165 1319 2206 de
1352 2165 1442 2207 alio
1472 2167 1602 2208 modo

129 2246 322 2288 civitatis
350 2244 529 2295 dandae,
574 2252 721 2285 tamen
765 2245 819 2285 de
860 2252 953 2285 toto
986 2258 1150 2300 genere
1174 2243 1393 2286 iudicasse
1410 2245 1484 2298 Ῐ).”
1546 2245 1603 2288 Et

129 2323 183 2364 ad
213 2325 443 2379 superiora
476 2331 674 2378 tempora
703 2337 876 2365 omnem
911 2323 1067 2364 referri
1097 2323 1440 2378 disputationem
1483 2328 1601 2379 (qum

129 2410 275 2443 tamen
313 2403 403 2444 vim
449 2401 505 2442 ad
546 2416 627 2453 ea,
670 2415 765 2457 quae
808 2410 908 2458 post
949 2401 1140 2453 fuerint,
1199 2401 1396 2455 habeat),
1434 2402 1603 2457 perspi-

129 2493 258 2521 cuum
290 2487 358 2521 est
387 2493 447 2519 ex
479 2479 550 2529 iis,
581 2492 675 2534 quae
707 2478 999 2520 subiiciuntur
1032 2492 1068 2519 c.
1093 2479 1165 2528 24,
1192 2479 1271 2521 54:
1315 2477 1600 2521 dubitandum

158 2689 186 2731 ¹)
218 2686 264 2722 ln
298 2685 524 2732 vulgaribus
566 2685 650 2721 edd.
693 2684 857 2734 primum
894 2690 999 2721 reete
1032 2684 1252 2721 retinentur
1277 2685 1353 2721 duo
1378 2685 1600 2732 praeterita3

223 2747 363 2783 deinde
387 2748 576 2783 transitur
601 2748 731 2784 subito
757 2747 804 2782 ad
827 2747 1016 2789 futurum,
1040 2758 1112 2783 nee
1130 2747 1256 2784 solum
1278 2748 1320 2782 in
1345 2747 1467 2784 altero
1485 2759 1598 2783 mem-

222 2808 307 2851 bro,
332 2810 400 2846 sed
428 2810 470 2846 in
493 2814 681 2859 utroque,
711 2810 822 2858 quasi
851 2810 1060 2847 etiamnum
1086 2810 1160 2846 ista
1185 2809 1236 2846 sit
1260 2809 1485 2846 Latinorum
1510 2820 1598 2846 con-

223 2869 337 2906 dicio.
