1821 3309
251 205 349 256 174

173 346 340 405 pridem
381 340 603 385 sublatum
647 350 742 384 erat
785 356 810 383 a
854 339 1252 392 Schurzfleischio,
1303 339 1378 396 qui
1421 337 1647 381 intellexit

172 434 273 468 ante
297 422 470 480 quando
500 421 554 463 ob
576 421 841 469 litterarum,
872 422 916 461 in
943 420 1211 477 compendiis
1236 419 1496 476 praesertim,
1531 432 1648 460 sum-

175 518 288 549 mam
320 501 653 546 similitudinem
688 500 907 542 excidisse
935 513 1083 556 quam:

1245 602 1392 643 omnia
1422 597 1537 641 fiunt

445 682 593 734 Talia,
619 692 706 724 tam
727 684 937 738 graviter,
963 696 1090 738 quam
1122 681 1293 737 quando
1318 680 1488 734 poetica
1509 679 1652 734 surgit

447 761 725 818 Tempestas.

178 845 323 901 Atque
346 843 429 885 hoc
454 857 625 899 quoque
649 839 874 884 VVeberus
900 848 1015 880 recte
1037 837 1258 895 probarat.
1276 838 1311 890 ¹)
1371 837 1459 880 Sed
1488 836 1653 879 haerent

180 926 226 964 in
258 923 502 980 proximis:

1252 987 1356 1029 audi

449 1070 503 1112 Et
529 1071 736 1111 miserere
760 1070 933 1118 iterum,
957 1080 1217 1123 quamquam
1244 1068 1331 1107 sint
1353 1074 1498 1107 cetera
1522 1067 1652 1106 sortis

448 1145 670 1189 Eiusdem.

186 1227 329 1270 Sor-tis·
350 1228 537 1268 eiusdem
560 1228 796 1283 Rupertius
821 1224 915 1267 vult
941 1239 1037 1266 esse
1059 1237 1145 1264 non
1167 1227 1305 1264 animes
1330 1226 1503 1270 tre'stc'a5
1537 1223 1656 1278 atqui

183 1317 274 1348 tum
317 1320 401 1347 non
445 1307 662 1346 contraria
702 1305 792 1345 haee
823 1313 939 1354 sunt,
982 1312 1028 1343 ut
1062 1316 1317 1357 quamquam
1351 1303 1454 1354 poni
1493 1301 1657 1343 debue-

186 1387 255 1435 rit,
289 1384 364 1425 sed
400 1383 660 1424 confirmant
685 1383 926 1438 superiora.
988 1380 1218 1423 Schmidtii
1252 1381 1658 1434 interpretationem

188 1464 389 1507 omittere
427 1462 557 1504 malo.
616 1461 757 1502 Miror
790 1475 920 1511 sane,
968 1474 1052 1500 non
1089 1459 1327 1500 attendisse
1370 1458 1561 1500 editores
1606 1459 1657 1500 ad

189 1557 284 1585 eam
317 1557 497 1593 vocem,
538 1555 631 1597 quae
660 1542 883 1596 sequitur,
930 1553 1109 1595 prorsus
1144 1540 1251 1579 mire
1288 1546 1330 1579 et
1364 1537 1478 1579 nude
1503 1539 1659 1594 posita,

184 1636 304 1676 pars.
373 1621 571 1677 Apparet
603 1621 734 1669 enim,
771 1618 862 1659 haec
889 1619 951 1659 sic
983 1618 1228 1659 continuari
1260 1615 1442 1659 debere:

725 1735 987 1777 quamquam
1022 1722 1108 1761 sint
1143 1729 1288 1762 cetera
1319 1720 1450 1761 sortis

459 1800 666 1842 Eiusdem
687 1814 788 1855 pars
807 1800 899 1840 dira
918 1800 1108 1855 quidem,
1129 1799 1201 1839 sed
1225 1800 1399 1854 cognita
1418 1795 1567 1838 multis
1581 1805 1661 1838 etc.

193 1880 343 1931 Poeta,
385 1887 588 1935 tanquam
638 1880 766 1919 nimis
813 1880 1009 1934 graviter
1050 1882 1255 1918 miserere
1292 1880 1447 1917 ilerum
1482 1876 1663 1927 dixerit,

193 1959 299 2009 haec,
341 1972 435 2013 quae
476 1957 701 1998 additurus
745 1966 827 2008 est,
867 1957 920 1998 de
970 1955 1182 1997 bonorum
1230 1956 1413 2007 iactura,
1450 1955 1544 1996 dira
1586 1953 1665 1996 illa

194 2036 367 2092 quidem
396 2037 471 2098 *ait
506 2051 618 2087 esse,
660 2036 734 2076 sed
767 2045 912 2077 tamen
943 2044 1112 2091 partem
1146 2044 1188 2075 et
1222 2036 1346 2090 quasi
1379 2033 1662 2090 appendicem

225 2201 251 2242 ¹)
280 2197 329 2237 Ο,
354 2197 510 2232 Iahnius
552 2196 802 2242 (zeitschrift
849 2196 913 2230 fiir
948 2196 1010 2230 die
1046 2194 1586 2238 Altertlmmswissenschast‚
1633 2207 1664 2230 a.

290 2262 403 2300 1837,
440 2261 508 2292 112
533 2271 569 2305 p.
594 2263 682 2302 850)
711 2258 1037 2305 comparationem
1063 2269 1106 2292 eo
1131 2257 1244 2291 modo
1271 2257 1461 2291 inversam
1488 2262 1600 2303 putat
1625 2257 1666 2291 in

287 2320 362 2356 hoe
387 2320 487 2361 loco,
515 2332 589 2366 quo
621 2331 689 2365 ego
718 2320 810 2354 olim
845 2319 1010 2365 (Opuse.
1038 2330 1094 2366 pr.
1121 2331 1156 2365 p.
1183 2322 1248 2362 56)
1286 2318 1326 2352 in
1355 2323 1426 2355 sat.
1455 2318 1508 2352 ΙΙΙ
1538 2330 1571 2353 v.
1599 2321 1668 2353 194

289 2383 479 2417 inversam
506 2393 588 2415 esse
616 2381 783 2421 ostendi,
817 2386 860 2414 ut
888 2380 1186 2414 denmnstrative
1212 2384 1379 2426 ponatur
1408 2391 1469 2414 res
1496 2379 1544 2414 ad
1568 2391 1668 2415 eom-

289 2443 500 2491 parandum
526 2443 592 2478 ads
602 2443 682 2477 cita.
735 2442 876 2477 Verum
899 2442 980 2489 ipse
1002 2441 1286 2483 animadvertit,
1310 2441 1464 2475 obstare
1480 2442 1669 2488 protasin,

291 2505 352 2540 eui
389 2504 582 2539 reddenda
609 2509 667 2539 est
694 2504 898 2551 apodosis,
925 2515 1027 2551 quae,
1055 2502 1148 2550 quid
1172 2507 1254 2536 tum
1281 2502 1405 2549 ipsum
1431 2501 1576 2537 factum
1604 2505 1669 2542 sit,

292 2565 472 2601 declaret.
524 2567 658 2613 Itaque
685 2565 915 2600 anacolutho
943 2565 1106 2612 quodam
1131 2564 1353 2612 primariam
1378 2563 1557 2609 apodosis
1585 2574 1667 2597 sen-

294 2628 453 2662 tentiam
480 2639 723 2674 suppressam
752 2632 877 2674 putat,
902 2633 946 2662 ut
978 2628 1033 2662 sie
1059 2627 1140 2661 sere
1169 2625 1313 2672 expleri
1339 2624 1496 2658 debeat:
1523 2629 1600 2658 tum
1625 2644 1667 2651 --

294 2689 421 2722 omitto
447 2695 568 2723 ortam
598 2695 856 2735 tempestatem
882 2690 1114 2730 describere,·
1145 2699 1302 2734 prorsus
1337 2698 1416 2721 eam
1455 2686 1669 2731 exprimunt

292 2751 487 2794 poetarum
522 2752 756 2796 gyravissimoe
793 2752 1076 2796 descriptiones.
1143 2748 1219 2784 Sed
1256 2745 1475 2789 huiusmodi
1503 2745 1668 2782 α’ῑτοσιώ-

294 2824 404 2856 πησιν
437 2815 475 2844 et
510 2811 800 2845 conversionem
833 2812 1020 2846 orationis
1060 2808 1338 2856 sententiaeque
1372 2807 1480 2843 nullo
1523 2808 1668 2843 indicio

298 2871 550 2918 significatam
577 2884 654 2907 non
680 2876 776 2919 puto
805 2872 897 2908 ferri
927 2885 1051 2920 posse.
