1821 3309
1452 205 1550 254 145

132 345 347 388 editorum
392 344 516 389 libris
558 348 712 396 fnisse,
759 348 1022 404 perspicitur
1069 361 1127 388 ex
1163 349 1236 397 iis,
1275 360 1370 402 quae
1404 345 1609 389 Moserus

132 426 186 467 de
229 424 474 467 Cratandro
519 436 562 467 et
607 426 836 482 Hervagio
886 427 1128 468 adnotavit.
1195 425 1314 481 (Ipse
1357 433 1403 465 ut
1443 427 1486 465 in
1530 426 1609 468 hac

130 506 369 561 scriptione
415 512 586 545 veteres
614 505 851 545 veditiones
891 517 1219 560 compararem,
1276 515 1356 543 nec
1398 506 1608 559 temporis

132 583 327 625 brevitas
373 584 572 640 permisit
611 597 690 624 nee
731 583 935 625 utilitatis
967 583 1068 624 inde
1102 590 1382 639 proventura}
1416 595 1516 637 spes
1547 583 1611 623 in-

132 663 318 716 citavit.)
395 660 486 703 Iam
536 661 653 704 hune
695 663 890 704 ordinem
942 676 1092 704 verum
1127 675 1242 712 esse,
1274 661 1504 716 perspicue
1537 661 1610 703 de·

131 748 363 790 monstrat,
394 741 447 782 de
479 755 566 797 quo
601 749 703 783 ante
734 742 847 794 dixi,
880 755 1136 798 pronomen.
1203 738 1320 780 Tum
1353 747 1499 782 autem
1531 755 1609 797 pro

130 825 341 872 notatum,
374 820 488 876 quod
523 820 828 876 interpolando
853 821 905 862 ad
936 825 1089 862 vilium
1118 819 1498 862 accommodatum
1526 828 1609 870 est,

131 900 266 940 ceteri
307 913 480 955 quoque
527 899 734 941 meliores
778 900 1086 950 (Victorianus
1131 907 1174 940 et
1217 897 1410 952 Davisii)
1445 898 1610 940 habent

131 983 356 1029 mutatum,
386 977 627 1020 deteriores
654 978 848 1029 (Davisii
880 987 923 1018 et
953 977 1139 1031 Moseri)
1172 977 1413 1017 multatum.
1478 976 1611 1025 Quod

133 1065 279 1098 autem
324 1057 377 1098 ad
413 1059 645 1099 veritatem
679 1057 826 1107 ducit,
870 1057 1006 1098 ullum
1040 1065 1115 1097 aut
1146 1057 1191 1096 in
1222 1069 1311 1096 uno
1343 1062 1410 1095 est
1436 1053 1607 1097 Hauni-

133 1137 226 1177 ensi
267 1144 343 1177 aut
388 1150 448 1176 ex
494 1150 548 1177 eo
599 1150 686 1178 uno
731 1144 971 1177 enotatum.
1041 1133 1242 1176 Efficitur
1272 1134 1390 1175 enim
1422 1147 1482 1175 ex
1514 1135 1610 1175 eius

131 1215 347 1269 scriptura
374 1214 466 1257 haec
496 1214 582 1257 loci
617 1215 786 1257 forma:
819 1219 898 1271 qui
930 1217 1063 1257 ullum
1095 1214 1306 1256 iudicium
1332 1217 1611 1268 pertinacius

134 1298 242 1336 vitio
284 1298 379 1349 ipso
420 1295 646 1336 vitandum
687 1301 864 1350 putant.
933 1294 981 1336 In
1015 1293 1162 1336 verbis
1197 1297 1342 1334 vitare
1372 1296 1464 1333 nise*
1494 1305 1610 1334 com-

133 1375 380 1430 parativum
413 1373 613 1415 adverbii
648 1373 811 1425 latere,
867 1389 923 1416 ex
963 1375 1088 1416 cuius
1120 1373 1430 1414 terminatione
1467 1380 1611 1413 ortum

133 1454 190 1493 sit
238 1455 348 1502 nisi,
401 1461 566 1494 certum
614 1462 703 1502 est3
763 1454 963 1509 ipsumne
1010 1451 1268 1494 adverbium
1321 1452 1608 1506 reppererim,

136 1533 298 1574 nescio.
375 1531 636 1578 Υίίαηιῐαηι,
686 1540 732 1572 ut
774 1533 1043 1587 saepissime,
1100 1531 1274 1571 transiit
1317 1531 1360 1570 in
1409 1533 1610 1578 vitalum,

134 1611 292 1652 deinde
323 1611 367 1651 in
399 1616 623 1651 matulam.
690 1610 797 1652 Haec
823 1611 995 1652 demum
1030 1625 1134 1652 vera
1165 1619 1229 1651 est
1261 1618 1303 1650 et
1335 1610 1386 1651 ad
1418 1624 1485 1661 ea,
1516 1623 1610 1665 quae

135 1698 402 1746 sequuntur,
429 1690 758 1731 accommodata
790 1692 1035 1739 sententia,
1069 1703 1154 1730 non
1188 1689 1374 1740 iudicia,
1407 1689 1482 1729 sed
1518 1690 1612 1744 ipsa

135 1771 244 1812 vitia
275 1783 372 1811 esse
407 1769 623 1816 timenda3
672 1783 724 1809 ea
759 1778 941 1817 contra,
973 1782 1067 1824 quae
1102 1770 1144 1808 in
1183 1767 1366 1822 vulgata
1397 1769 1613 1823 scriptura

135 1857 254 1901 erat,
294 1847 423 1889 falsa.
501 1844 657 1903 Neque
702 1849 817 1889 enim
852 1848 1058 1903 Epicurei
1102 1848 1256 1887 vitium
1294 1855 1382 1888 tum
1419 1847 1612 1897 demum,

134 1930 171 1970 si
203 1928 366 1969 iudicio
399 1928 485 1968 iam
523 1935 719 1968 notatum
757 1935 890 1978 essct,
920 1925 1176 1983 fugiendum
1207 1924 1436 1981 putabant,
1465 1925 1542 1967 sed
1559 1939 1611 1966 eo

137 2021 235 2049 esse
270 2007 450 2057 vitium,
496 2005 608 2062 quod
644 2014 806 2047 metum
850 2014 891 2046 et
931 2004 1174 2059 periculum
1203 2004 1354 2046 iudicii
1383 2004 1519 2045 futuri
1551 2003 1613 2045 af-

136 2087 286 2129 ferret.
304 2086 335 2139 ¹)

232 2272 291 2302 ter
324 2265 555 2301 collatorum
592 2265 794 2312 scripturae
829 2265 1123 2313 perscribantur
1157 2270 1223 2299 aut
1250 2263 1486 2304 editionum,
1514 2274 1614 2298 com·

229 2327 442 2375 pai-ationis
467 2339 593 2364 causa.
645 2327 783 2363 Cetera
811 2327 940 2374 specie
964 2326 1107 2362 ludunt
1123 2327 1290 2362 lectores
1315 2325 1490 2361 criticam
1510 2325 1614 2360 omni

234 2389 348 2424 modo
374 2388 559 2424 adhibere
584 2389 773 2430 volentes,
799 2389 892 2437 quid
921 2389 972 2423 sit
999 2378 1156 2430 critica,
1184 2389 1413 2423 nescientes.

173 2455 202 2496 ¹)
240 2451 299 2486 Ex
330 2450 547 2485 minoribus
585 2451 699 2485 rebus
736 2451 777 2485 in
814 2456 982 2485 extrema
1018 2455 1127 2496 parte
1158 2449 1274 2482 huius
1300 2448 1391 2482 libri
1419 2457 1536 2480 unuin
1562 2451 1599 2479 at

235 2513 395 2559 tingam,
420 2523 454 2547 c.
478 2515 537 2553 22,
563 2516 608 2546 59
635 2524 713 2546 non
743 2517 848 2546 recte
871 2511 1019 2546 editum
1046 2520 1129 2544 esse
1155 2508 1201 2542 ab
1226 2508 1424 2549 Ernesfio,
1450 2507 1616 2541 Goeren-

237 2575 322 2616 zio,
355 2573 535 2615 Mosen-0,
572 2573 723 2608 Orellio
756 2584 776 2608 e
815 2572 1058 2620 paucissimis
1089 2575 1128 2606 ct
1154 2571 1263 2605 malis
1294 2570 1402 2605 codd.
1431 2568 1617 2614 (Vindob.

236 2635 441 2672 Goerenzii
470 2641 507 2671 ct
535 2635 685 2670 Monac.
715 2635 898 2680 Moscri);
935 2635 1129 2681 principia
1156 2646 1281 2668 rerum
1309 2634 1482 2671 onmium,
1509 2633 1621 2678 quusi

236 2699 488 2733 adumbratas
514 2698 813 2743 inlelliqcntias,
840 2708 908 2743 pro
936 2707 1003 2737 eo,
1041 2695 1144 2743 quod
1173 2707 1217 2730 ex
1244 2695 1383 2729 ceteris
1408 2693 1616 2728 Lambinus

238 2764 277 2794 et
302 2759 484 2794 Davisius
515 2764 738 2800 tenuerunt,
762 2760 962 2805 principio.
1013 2756 1195 2793 scientiae
1214 2757 1288 2792 ista
1307 2756 1499 2804 principia
1516 2761 1618 2795 sunt,

239 2831 367 2855 rerum
393 2821 563 2856 omnium
587 2821 777 2868 principia
803 2832 961 2868 prorsus
992 2825 1125 2855 contra
1152 2819 1355 2855 Ciceronis
1383 2823 1548 2853 mentem
1565 2816 1603 2849 di

238 2887 388 2917 cuntur.
448 2883 577 2930 Longe
604 2883 677 2918 alia
706 2887 796 2918 sunt
825 2883 863 2916 in
890 2881 1028 2917 ethicis
1055 2885 1249 2929 principia
1276 2888 1450 2919 metune,
1485 2878 1522 2912 id
1550 2882 1619 2911 est.

1312 2959 1353 2987 10
