1821 3309
275 199 374 250 286

206 342 289 394 las)
331 342 377 379 in
425 340 625 378 amicilia
673 342 714 377 ee
743 334 866 385 fides·
906 339 1179 376 retineatur:
1238 347 1337 376 nam
1385 342 1428 377 et
1469 338 1674 380 monendi

207 421 340 461 amici
369 430 483 471 soepe
512 421 612 457 smel
652 420 695 456 et
735 413 1002 469 obiurganda·
1030 419 1072 455 et
1109 412 1197 454 Ieoec
1224 414 1486 469 accepiemla
1517 419 1671 468 amice,

205 512 330 553 quum
354 496 560 537 benevole
571 493 710 545 fimet.
772 491 1016 535 Sublevure
1040 493 1323 545 offensionem
1345 493 1475 545 idem,
1501 495 1672 549 opinor,

207 579 289 619 erit
320 585 450 631 atque
483 575 672 624 elevare,
704 571 891 624 efficere,
923 581 969 613 ut
1005 574 1147 613 minus
1177 573 1326 628 gravis
1357 574 1414 613 sit
1441 574 1671 629 minusque

207 664 431 712 appareat,
466 655 509 694 in
536 668 620 708 quo
646 654 742 708 ipsa
766 651 888 692 verbi
916 653 1097 692 mutatio
1122 653 1232 693 mira
1258 660 1353 699 est3
1383 650 1494 692 illud
1525 660 1670 693 autem

205 736 338 792 longe
386 732 646 783 mirabilius,
693 731 824 787 quod,
873 745 1002 786 quum
1034 731 1242 771 universe
1279 730 1549 771 offensiones
1583 729 1672 771 elc-

206 816 370 856 vandas
416 813 631 861 dixisset,
687 809 863 850 subiicit
907 823 1038 849 unam
1090 809 1304 864 quandam
1353 807 1671 850 sublevandam

206 908 314 937 esse.
379 891 492 934 Nam
518 890 630 946 quod
653 888 837 930 Beierus
861 887 1090 928 sublevare
1114 886 1209 928 vult
1235 902 1331 928 esse
1358 893 1487 929 caute
1511 887 1671 939 subire,

207 974 245 1013 id
281 973 353 1027 qui
385 987 407 1012 e
440 969 574 1012 verbo
608 968 838 1019 efficiatur,
878 969 1052 1022 ignoro,
1085 975 1127 1007 et
1162 968 1377 1007 cautionis
1412 975 1543 1018 certe,
1575 981 1670 1023 quae

207 1052 258 1092 ad
292 1063 442 1090 omnes
477 1049 745 1089 offensiones
776 1047 980 1102 pertinet,
1023 1047 1242 1101 praecipua
1274 1047 1356 1086 erit
1389 1044 1672 1102 significatio,

207 1144 291 1170 non
327 1127 557 1170 subeundi.
621 1125 714 1166 Nec
754 1138 843 1165 mea
887 1125 969 1165 illa
1012 1125 1053 1164 in
1101 1123 1181 1165 hac
1229 1126 1535 1166 coniunctione
1579 1124 1670 1166 ullo

206 1208 334 1249 modo
375 1215 519 1262 potest
561 1219 657 1244 esse
702 1204 782 1244 illa
818 1210 985 1258 proeler
1021 1209 1203 1254 ceteras,
1241 1203 1354 1258 quod
1385 1203 1498 1244 idem
1535 1213 1671 1259 putat.

206 1286 315 1335 Qua:
355 1294 420 1324 est
461 1293 606 1324 autem
649 1297 735 1322 una
774 1281 883 1322 illa?v
929 1280 1076 1321 Ceteri
1119 1282 1220 1335 quid
1256 1283 1462 1336 putarint,
1495 1285 1672 1334 nesci03

206 1364 410 1404 Klotzius
443 1363 639 1417 graviter
672 1368 803 1411 errat,
847 1361 920 1415 qui
952 1359 1020 1399 his
1054 1358 1224 1399 verbis:
1270 1365 1319 1399 ut
1350 1365 1391 1399 el
1421 1358 1595 1402 utililas
1623 1366 1671 1404 iu

205 1445 405 1483 amicilia
439 1446 480 1480 el
500 1438 612 1485 fides
635 1443 897 1488 retineatur,
922 1436 1097 1478 definiri
1129 1452 1222 1478 eam
1247 1438 1405 1487 credit3
1437 1438 1521 1495 (sic
1555 1441 1670 1482 enim

205 1522 426 1576 accepisse
463 1517 609 1568 (lebet,
644 1518 718 1573 qui
752 1516 822 1557 hic
856 1518 1120 1557 sententiam
1155 1515 1330 1571 plenam
1367 1531 1464 1557 esse
1494 1519 1672 1571 iudicet,

203 1599 361 1641 deinde
393 1607 538 1639 cetera
573 1595 788 1637 uberioris
824 1595 1133 1651 explicationis
1166 1609 1296 1636 causa
1331 1596 1499 1638 adiecta
1515 1598 1543 1652 3)
1576 1613 1670 1654 quae

205 1679 319 1718 enim
370 1678 425 1717 iis
473 1675 618 1717 verbis
660 1673 935 1730 significatur
977 1673 1197 1715 offensio?
1241 1683 1316 1715 aut
1356 1689 1450 1730 quae
1481 1676 1573 1718 haec
1606 1687 1673 1720 est

206 1758 369 1798 oratio:
400 1769 489 1796 una
519 1755 600 1795 illa
630 1753 901 1794 sublevanda
931 1753 1115 1804 offensio
1148 1758 1228 1802 est,
1260 1759 1673 1799 vlt—retineatur?

203 1835 310 1876 Haec
354 1834 527 1889 quidem
572 1831 708 1873 verba
754 1847 927 1873 causam
975 1833 1222 1882 continent,
1277 1846 1352 1872 cur
1385 1834 1441 1874 sit
1483 1835 1670 1876 offensio

204 1912 495 1960 sublevanda,
526 1913 563 1952 si
595 1912 767 1966 quidem
792 1910 1062 1952 sublevanda
1092 1925 1241 1950 verum
1275 1918 1367 1958 θεῖς
1397 1910 1492 1965 ipsa
1525 1917 1670 1951 autem

205 1992 465 2033 offensionis
498 1988 698 2030 definitio
736 1991 981 2030 continetur
1018 1987 1110 2029 illis
1150 1987 1322 2029 verbis:
1370 2001 1470 2028 nam
1509 1993 1553 2028 et
1585 2002 1670 2029 mo-

205 2070 341 2111 uendi
367 2073 503 2110 amici
526 2081 640 2122 scepe
669 2074 769 2108 sunt
800 2077 899 2118 etc„
927 2068 1086 2108 Latino
1117 2066 1323 2121 loquendi
1354 2080 1450 2115 usu,
1485 2067 1538 2107 ad
1573 2082 1672 2121 pro-

206 2161 364 2188 nomen
389 2147 795 2196 demonstrativum,
817 2147 884 2185 cui
910 2146 995 2199 ipsi
1014 2146 1056 2184 in
1080 2145 1241 2184 nostris
1267 2143 1431 2200 linguis
1453 2146 1669 2185 sententia

207 2225 479 2281 expli'cativa
525 2223 793 2264 adnectenda
837 2231 946 2271 erat,
992 2221 1129 2263 relata
1177 2221 1390 2277 particula
1433 2235 1532 2262 nam
1573 2224 1669 2264 sive

208 2308 335 2344 enim.
387 2302 684 2357 (Vid.Handii
711 2300 906 2342 Tursell.
932 2299 1021 2341 vol.
1051 2300 1092 2341 ΙΙ
1118 2316 1160 2354 p.
1186 2303 1284 2352 379,
1317 2299 1438 2342 cuius
1463 2300 1670 2357 exempla

207 2383 244 2423 si
276 2382 342 2422 cui
378 2396 468 2422 rem
501 2380 714 2421 latissime
747 2388 968 2432 patentem
1012 2380 1125 2434 apud
1159 2378 1413 2420 Ciceronem
1447 2394 1532 2420 non
1563 2381 1670 2420 satis

207 2462 383 2516 copiose
409 2459 631 2501 illustrare
660 2461 754 2499 visa
781 2459 957 2510 fuerint,
986 2458 1085 2498 addi
1112 2458 1203 2499 haec
1224 2467 1448 2514 poterunt:
1476 2457 1544 2499 De
1567 2456 1668 2499 Nat.

206 2539 262 2580 D.
291 2539 333 2580 ΙΙ
374 2542 410 2590 ξ.
454 2541 550 2589 138,
595 2537 671 2578 ubi
704 2535 989 2578 Heindorfius
1023 2539 1185 2593 attigit,
1234 2537 1370 2578 Acad.
1411 2536 1452 2577 II
1491 2539 1528 2588 ξ.
1571 2538 1667 2587 1⁰7,

207 2618 304 2658 Fin.
334 2616 399 2657 III
430 2620 452 2667 ξ
483 2618 553 2668 59,
584 2616 716 2657 Tusc.
751 2615 817 2657 IV
846 2614 868 2668 ξ
897 2616 967 2666 45,
1001 2616 1053 2656 de
1081 2615 1278 2656 Dit‘inat.
1315 2614 1334 2655 Ι
1365 2618 1402 2666 ξ.
1438 2616 1509 2666 80,
1540 2612 1665 2654 Orat.

207 2699 246 2748 ξ.
276 2696 345 2745 58,
376 2694 502 2735 Verr.
531 2694 596 2737 lv
618 2698 654 2746 ξ.
684 2697 773 2746 58.)
831 2693 927 2734 Hoc
958 2695 1031 2749 qui
1065 2693 1245 2746 tenebit,
1274 2692 1404 2734 facile
1434 2690 1668 2748 intelliget,

207 2774 319 2815 hanc
349 2773 636 2813 offensionem
671 2787 754 2813 non
799 2786 928 2813 unam
969 2772 1225 2813 elevandam
1266 2772 1367 2822 dici,
1407 2770 1501 2819 sed,
1535 2784 1667 2826 quum

208 2860 362 2894 ceterae
403 2865 552 2893 omnes
595 2851 812 2905 fugienda}
865 2861 905 2891 et
950 2851 1172 2893 elcvandae
1217 2851 1327 2900 sint,
1384 2848 1492 2890 hanc
1537 2862 1666 2889 unam
