1821 3309
1482 196 1575 247 111

286 331 344 373 V.
407 330 634 374 Hactenus
658 341 913 388 persecutus
937 345 1088 374 sumus
1112 333 1297 376 formam
1322 335 1458 377 futuri
1484 339 1648 389 exacti,

170 411 368 464 deposita
403 412 612 465 praeteriti
635 410 980 465 significatione,
1011 413 1055 452 in
1086 412 1281 453 futurum
1314 423 1357 453 et
1386 429 1508 469 paene
1539 431 1647 471 prae-

168 503 270 530 sens
311 489 583 529 coniunctivi
629 489 745 529 modi
788 497 1103 532 transeuntem.
1175 489 1292 531 Huic
1335 500 1403 531 est
1444 496 1648 537 transitui

167 565 395 608 inclinatio
439 567 658 608 contraria
701 576 743 607 et
776 568 820 608 in
852 566 1036 608 alteram
1069 576 1236 622 partem
1268 570 1419 622 primae
1454 572 1645 613 notionis

167 659 372 700 νει-ἔειπε,
412 659 511 700 qua,
559 645 758 701 deposita
790 646 926 687 futuri
957 644 1301 702 significatione,
1336 650 1545 703 praeteritl
1576 665 1647 692 so·

165 724 252 766 lam
296 726 455 765 retinet
501 723 637 780 fitque
683 724 814 780 plane
864 726 1027 766 iustum
1070 726 1312 780 perfectum
1362 728 1646 771 coniunctivi.

166 802 254 844 Sed
285 801 416 843 huius
451 805 754 844 conversionis
797 817 1055 859 progressus
1092 813 1244 846 notare
1274 820 1359 847 non
1395 821 1645 862 possumus,

165 883 370 923 effectum
406 882 630 930 videmus3
664 883 747 922 nisi
780 883 893 937 quod
926 884 969 923 in
1002 882 1106 933 illis,
1140 898 1233 938 quoe
1268 887 1456 939 exposui
1490 887 1542 927 de
1561 901 1642 928 usu

163 960 299 1001 futuri
323 962 471 1001 exacti
500 962 766 1001 coniunctivi
785 962 828 1000 in
847 961 1037 1001 notando
1064 962 1225 1001 effectu
1255 962 1411 1002 futurae
1444 966 1646 1015 actionis,

164 1040 238 1095 qui
269 1040 320 1080 ad
362 1048 532 1094 tempus
563 1040 832 1094 praeteritum
866 1046 909 1078 et
943 1038 994 1078 ad
1029 1041 1259 1093 praeteritae
1293 1041 1478 1082 actionis
1509 1057 1644 1084 even—

163 1127 252 1158 tum
285 1126 529 1173 spectaret,
561 1119 667 1157 satis
700 1116 877 1172 patebat
909 1131 1041 1158 unum
1074 1117 1248 1174 aliquod
1292 1121 1356 1160 rei
1389 1122 1643 1176 vestigium.

163 1195 310 1246 Quum
343 1198 457 1238 enim
491 1198 554 1238 sic
585 1197 794 1238 dicimus:
825 1195 1016 1239 Frustra
1032 1196 1306 1248 laboravero,
1336 1199 1379 1239 in
1400 1213 1487 1241 uno
1506 1200 1643 1243 verbo

172 1283 403 1330 utrumque
446 1285 617 1329 tempus
666 1285 755 1324 est;
806 1290 936 1331 quum
985 1284 1130 1316 autem
1167 1276 1272 1329 (vid.
1306 1291 1423 1332 supr.
1456 1294 1498 1333 p.
1528 1281 1642 1332 87.):
1674 1261 1681 1264 ‹

162 1352 371 1404 effice‘ccm,
406 1360 452 1395 ut
469 1354 654 1404 frustra
683 1354 974 1404 luboracerIs,
1009 1355 1144 1395 futuri
1180 1356 1299 1395 notio
1334 1369 1469 1411 prope
1501 1365 1642 1398 trans-

161 1431 250 1473 lata
297 1441 361 1472 est
410 1435 451 1473 in
500 1435 619 1488 prius
666 1431 874 1483 verbum,
930 1435 1140 1486 praeteriti
1193 1443 1448 1475 remanente
1503 1435 1641 1478 multo

163 1513 330 1553 maiore
358 1526 417 1552 ex
448 1521 570 1567 parte
601 1513 645 1552 in
679 1511 833 1552 altero.
894 1511 1000 1552 llaec
1028 1521 1173 1552 autem
1203 1512 1279 1562 ita,
1308 1521 1353 1552 ut
1382 1513 1496 1564 dixi,
1526 1529 1641 1566 esse,

162 1591 432 1632 demonstrat
458 1591 702 1646 perspicue,
731 1591 842 1646 quod
871 1590 1106 1646 aliquoties
1129 1593 1486 1643 commemoravi,
1513 1593 1641 1635 disci-

161 1670 280 1710 dium
323 1671 549 1724 utriusque
595 1668 745 1709 formae
788 1669 923 1710 futuri
967 1671 1132 1719 exacti,
1180 1684 1311 1724 quum
1352 1684 1418 1720 ea,
1464 1671 1509 1711 in
1557 1686 1642 1727 qua

161 1747 271 1788 nihil
308 1755 423 1787 esset
457 1748 630 1802 proprie
664 1760 721 1786 ex
756 1749 975 1802 praeterito
1007 1751 1108 1801 (so),
1141 1747 1241 1788 hinc
1273 1762 1451 1803 prorsus
1486 1749 1639 1791 exclu—

163 1827 301 1868 datur.

271 1902 491 1946 Absoluta
535 1912 602 1944 est
645 1916 698 1944 ea
744 1904 954 1958 quaestio‚
997 1918 1123 1959 quam
1172 1903 1227 1945 A.
1276 1902 1450 1945 Gellius
1494 1903 1639 1959 (Noct.

160 1982 295 2025 Attic.
331 1982 508 2034 XVlll,
536 1984 584 2032 2)
631 1981 866 2037 aliquando
901 1982 1012 2022 iuter
1045 1981 1400 2023 Saturnaliorum
1437 1982 1641 2024 hilarita—

161 2070 246 2102 tem
292 2063 334 2101 in
375 2060 599 2102 hominum
643 2061 868 2101 doctorum
920 2061 1125 2101 convivio
1170 2062 1439 2116 propositam
1476 2071 1639 2110 narrat,

161 2141 448 2194 '’scrszerim,
476 2142 684 2190 venerim,
715 2139 896 2193 legerim
925 2141 1048 2180 cuius
1079 2141 1290 2195 temporis
1320 2139 1453 2181 verba
1479 2150 1641 2190 essent,

161 2220 369 2274 praeteriti
397 2232 450 2259 an
476 2218 610 2259 futuri
639 2233 694 2258 an
723 2218 993 2274 utriusque.''
1057 2217 1212 2273 Neque
1238 2223 1352 2259 enim
1379 2235 1640 2276 quemquam

159 2297 242 2347 hic,
277 2296 351 2338 ubi
381 2298 445 2338 rei
475 2298 695 2338 universae
721 2311 806 2338 non
836 2306 954 2338 recte
984 2305 1178 2338 tractatae
1209 2299 1423 2339 rationem
1454 2300 1640 2355 aperire,

161 2389 314 2429 eaque,
345 2388 439 2429 quae
474 2377 615 2416 minus
642 2385 745 2417 nota
772 2385 937 2426 essent,
969 2375 1198 2430 explicare
1230 2378 1502 2432 propositum
1532 2386 1640 2425 erat,

255 2551 328 2593 (ut,
356 2549 456 2595 quod
478 2547 668 2593 proditum
692 2547 868 2583 vrit-moria
894 2553 964 2587 est,
988 2548 1025 2582 X
1048 2549 1162 2589 viros,
1189 2549 1255 2596 qui
1279 2550 1380 2595 loyes
1403 2549 1638 2594 scripserint.

252 2612 333 2645 sitne
357 2612 626 2656 provocatione
653 2616 815 2650 creatos,
841 2611 937 2644 satis
964 2611 1186 2655 ostenderit,
1214 2612 1377 2658 reliquos
1403 2612 1484 2645 sine
1504 2623 1637 2656 provo-

254 2672 404 2706 catione
427 2674 677 2718 mayistratus
706 2685 782 2706 »zon
804 2673 953 2717 fuisse).
997 2672 1074 2707 Sed
1101 2672 1177 2719 ipsi
1200 2671 1260 2706 illi
1285 2671 1485 2719 particulae
1507 2672 1638 2706 nullus

258 2732 313 2767 ibi
336 2733 447 2767 locus
475 2738 545 2775 est,
573 2746 691 2782 quum
716 2734 803 2776 hoc,
829 2734 931 2782 quod
958 2733 1118 2776 dieitur,
1143 2734 1252 2769 nullo
1278 2733 1391 2769 modo
1420 2745 1464 2768 cx
1491 2734 1635 2781 superi-

251 2793 385 2828 oribus
412 2794 616 2831 efficiatur.
657 2799 740 2842 Ipsa
764 2796 950 2832 orationis
975 2796 1097 2831 forma
1121 2801 1159 2830 et
1179 2800 1493 2843 argumentorum
1516 2795 1635 2830 conti-

255 2855 386 2891 nuatio
407 2856 589 2898 declarat,
611 2858 861 2895 scribendum
884 2870 967 2895 esse
989 2865 1024 2896 ct
1047 2861 1228 2906 (itemque
1243 2879 1289 2885 -
1307 2864 1341 2894 el
1363 2877 1409 2882 —
1429 2858 1634 2903 Luciique).
