1821 3309
253 215 352 265 318

186 359 304 414 genii
356 369 441 397 non
488 353 674 396 contorti
718 365 797 394 nec
827 352 961 407 'pravi
1004 352 1070 405 (ut
1113 364 1246 406 quum
1290 351 1468 393 auditor
1506 357 1651 394 rectae

183 437 339 477 dicitur
361 434 474 489 apud
507 432 697 473 Plinium
724 439 798 472 aut
831 444 961 486 quum
990 429 1042 470 L.
1074 427 1220 469 Caesar
1235 428 1399 478 firmus
1430 435 1476 472 et
1503 436 1650 471 recten

183 530 208 555 a
241 513 452 555 Cicerone
492 510 766 568 appellatur,
806 509 859 549 ad
901 509 1021 550 Fam.
1066 507 1186 558 XII,
1225 509 1295 561 5),
1337 508 1391 549 ab
1436 508 1649 550 hocloco

184 602 225 633 et
267 592 320 633 ab
364 607 410 633 re
453 600 582 646 atque
623 589 841 629 sententia
871 586 1077 627 alienam.
1147 584 1260 627 Nam
1293 602 1425 642 quum
1462 587 1542 628 boc
1574 585 1649 627 Ci-

182 686 278 712 cero
320 671 458 720 dicat,
506 669 698 709 iudicum
744 666 969 707 consessui
1023 679 1176 720 parum
1229 667 1465 706 convenire
1506 666 1647 706 videri

180 750 412 799 leviorum,
460 756 506 788 ut
550 747 760 787 Romanis
801 745 991 799 antiquis
1033 742 1309 793 videbantur,
1356 745 1514 796 artium
1558 752 1646 784 tam

179 828 356 883 longam
383 826 858 873 commemorationem,
888 823 1092 877 quoniam
1123 822 1378 861 severitatis
1404 820 1520 871 laus,
1551 835 1647 877 quae

179 906 351 946 levitati
385 905 602 945 contraria
641 911 720 951 est,
765 900 998 951 iudicibus,
1045 913 1228 954 quorum
1262 901 1454 940 muneris
1482 901 1649 940 severi-

180 994 246 1025 tas
289 985 464 1039 propria
505 991 587 1030 est,
630 981 849 1021 reservari
890 977 1036 1027 debet,
1081 986 1326 1031 praetorem,
1355 992 1409 1018 ne
1443 978 1539 1018 sine
1572 978 1647 1018 ad-

178 1064 366 1103 iectione
407 1062 615 1109 nominet,
657 1059 876 1099 communi
920 1056 1067 1110 aliqua
1113 1055 1243 1096 laude
1292 1064 1334 1096 et
1376 1069 1470 1111 quae
1504 1057 1646 1111 magis

180 1142 233 1182 ad
277 1141 534 1194 dignitatem
576 1138 808 1191 pertineat,
854 1134 1136 1181 cohonestat3
1172 1133 1367 1173 modeste
1402 1142 1547 1174 tamen
1579 1134 1644 1174 le-

179 1220 417 1260 ctissimum
453 1217 571 1265 dicit,
605 1215 782 1254 fratrem
814 1225 973 1252 verens
1005 1211 1311 1264 amplissimum
1344 1210 1584 1266 appellare.
1608 1211 1643 1259 ¹)

175 1298 361 1338 Pravius
401 1303 546 1334 tamen
590 1290 743 1340 multo,
792 1303 919 1344 quam
962 1290 1007 1328 in
1053 1287 1134 1328 hoc
1175 1287 1287 1337 loco,
1329 1288 1510 1328 scholiis
1551 1287 1643 1330 illis

174 1374 380 1416 Klotzius
421 1384 524 1411 usus
565 1377 630 1409 est
669 1369 715 1408 in
749 1368 946 1408 oratione
990 1380 1066 1421 pro
1106 1364 1206 1406 Mil.
1248 1368 1270 1417 ξ
1303 1367 1371 1415 12,
1403 1365 1478 1407 ubi
1511 1380 1644 1422 quum

203 1590 232 1631 ι)
269 1585 401 1621 Nihilo
428 1582 566 1617 melius
592 1580 667 1614 hoc
702 1579 932 1614 adiectivum
960 1584 1084 1613 rectus
1121 1590 1141 1611 a
1167 1578 1368 1612 codicibus
1396 1582 1434 1611 ct
1461 1577 1644 1612 recentis-

268 1648 375 1682 simis
424 1643 637 1678 editoribus
687 1640 843 1675 obtrudi
878 1640 1031 1673 videtur
1068 1639 1248 1673 Ciceroni
1287 1639 1329 1673 in
1364 1639 1538 1673 oratione
1573 1650 1642 1685 pro

265 1709 448 1743 Deiotaro
477 1709 497 1748 ἓ
525 1709 580 1745 16,
606 1704 671 1737 ubi
699 1703 754 1736 sie
782 1701 976 1736 scribunt:
1008 1701 1103 1746 Quis
1129 1701 1405 1735 consideratior
1431 1701 1524 1735 illo?
1558 1702 1643 1747 quis

264 1772 430 1805 rectior?
466 1768 548 1815 quis
574 1765 828 1811 prudentior?
864 1762 958 1796 Nam
995 1768 1120 1796 rectus
1160 1764 1263 1797 homo
1288 1772 1426 1807 neque,
1460 1766 1506 1795 nt
1530 1760 1642 1796 Stue-

265 1828 496 1873 renburgius
536 1827 642 1866 vult,
683 1829 863 1859 constans
902 1827 940 1856 et
978 1823 1106 1868 gravis
1150 1822 1404 1867 intelligitur,
1441 1823 1640 1856 temerario

267 1890 483 1927 contrarius
522 1890 666 1934 (firmus
706 1891 742 1919 et
779 1890 904 1918 reclus
940 1895 1057 1930 quum
1094 1883 1261 1924 dieitur,
1313 1882 1576 1928 significatur,
1619 1895 1640 1916 a

266 1958 370 1988 reeta
395 1950 455 1984 via
483 1949 648 1995 aliquem
675 1946 802 1993 pravis
833 1945 1006 1979 consiliis
1034 1957 1111 1978 non
1138 1944 1372 1985 demoveri),
1412 1955 1561 1990 neque,
1595 1948 1640 1978 ut

264 2012 478 2050 Beneclzius
507 2015 639 2057 putat,
677 2008 742 2055 qui
768 2011 872 2040 recte
897 2006 1053 2042 iudicat.
1116 2006 1248 2051 Neque
1273 2005 1354 2038 haec
1380 2009 1454 2037 tam
1474 2004 1552 2038 late
1575 2017 1639 2051 pa-

266 2082 349 2110 tens
376 2075 459 2107 laus
485 2076 589 2106 reete
615 2069 813 2104 iudicandi
839 2067 885 2100 ad
910 2067 1013 2099 hunc
1038 2066 1166 2100 locum
1192 2071 1278 2112 apta
1307 2071 1374 2099 est.
1436 2066 1550 2108 Quod
1575 2079 1639 2101 au-

264 2142 340 2170 tem
377 2146 396 2166 a
434 2134 526 2166 tecti
550 2131 705 2164 hominis
732 2128 990 2174 appellatione
1025 2127 1196 2160 honestae
1223 2126 1412 2159 cautionis
1441 2126 1637 2161 notionem

264 2194 466 2232 excludere
497 2195 705 2229 conantur,
751 2193 794 2222 ut
834 2187 1072 2221 fraudulenti
1107 2187 1222 2220 animi
1248 2187 1490 2232 relinquatur
1514 2187 1637 2234 (quod

266 2268 445 2293 occtrtsrrs
474 2258 508 2286 et
534 2257 654 2286 tectus
680 2250 721 2283 in
747 2249 976 2283 deteriorem
1002 2253 1148 2293 partem
1176 2249 1350 2290 dicitur),
1368 2248 1512 2282 frustra
1528 2260 1636 2294 pror·

265 2329 329 2352 sus
364 2316 553 2349 nituntur.
618 2312 713 2345 Nam
738 2322 862 2357 neque
893 2310 1057 2355 Philipp.
1079 2309 1198 2349 XIII,
1237 2313 1258 2342 6
1286 2309 1360 2342 nisi
1388 2309 1425 2342 vi
1454 2309 1632 2355 eripient,

264 2380 392 2413 locum
418 2380 454 2409 et
479 2372 657 2407 Vaticani
685 2371 831 2406 codicis
857 2384 877 2404 a
902 2371 1024 2417 prima
1049 2382 1163 2404 manu
1189 2370 1381 2417 scriptura
1407 2374 1445 2403 et
1468 2370 1550 2416 ipsa
1576 2381 1635 2405 ce-

264 2446 433 2474 terorum
469 2433 768 2481 interpolatione
803 2433 1038 2477 (protectior)
1077 2431 1268 2464 munitum
1295 2435 1333 2464 et
1359 2431 1572 2473 sententia,
1614 2443 1635 2466 a

264 2513 338 2547 qua
365 2504 402 2533 et
428 2496 653 2531 constantiae
680 2500 717 2528 et
746 2494 841 2527 recti
870 2492 1004 2526 iudicii
1033 2491 1264 2536 significatio
1290 2491 1484 2532 abhorret,
1510 2504 1636 2539 neque

264 2561 298 2594 ll
327 2560 373 2593 de
400 2559 506 2592 Orat.
539 2560 607 2590 296
634 2555 824 2595 efficient,
867 2559 911 2587 ut
935 2553 1153 2594 Antonius,
1179 2553 1288 2586 euius
1315 2564 1436 2598 genus
1462 2553 1540 2594 ΠΙ,
1588 2556 1635 2587 32

262 2622 523 2667 praemunitum
560 2624 596 2652 et
632 2629 675 2651 ex
700 2617 801 2650 omni
822 2621 935 2660 par-te
960 2620 1117 2659 soeptnm.
1140 2613 1378 2660 appellatur,
1413 2613 1478 2648 hic
1502 2613 1632 2659 potius

262 2682 492 2716 rectissimus
524 2679 565 2712 in
603 2677 766 2712 dicendo
801 2676 858 2720 (id
893 2680 993 2711 esset
1028 2687 1103 2709 non
1139 2675 1367 2723 affectatus,
1396 2678 1440 2707 ut
1469 2671 1630 2707 Caesaris

261 2740 522 2776 commentarii
550 2753 569 2773 a
597 2739 783 2772 Cicerone
810 2738 905 2771 recti
928 2739 1157 2779 vocantur),
1191 2747 1302 2782 quam
1329 2734 1552 2768 tet-tissimus
1574 2732 1629 2766 di-

263 2807 381 2838 catur.
447 2802 541 2835 Nam
567 2805 687 2835 tectus
714 2803 793 2838 est,
833 2798 922 2843 qui,
959 2802 1002 2832 ut
1027 2797 1080 2832 ait
1105 2795 1290 2832 Horatius
1315 2793 1410 2839 (Sat.
1436 2793 1466 2834 I,
1491 2796 1526 2830 3.
1551 2794 1630 2838 59),

259 2863 359 2899 nulli
385 2863 483 2898 malo
519 2862 620 2897 latus
645 2860 754 2896 obdit
779 2864 961 2906 apertum.
