1821 3309
309 167 409 217 264

895 782 991 850 Vl
1001 783 1029 850 Ι
1039 835 1054 850 .

253 963 524 1018 Praefatio
580 962 876 1015 Ciceronis
932 963 1134 1017 Catoni
1183 973 1237 1016 ct
1283 964 1488 1032 Laelio,
1536 981 1710 1035 quum

360 1060 606 1112 Hauniae
659 1059 808 1115 1835
866 1061 1009 1112 editi
1062 1069 1219 1128 sunt,
1282 1063 1605 1134 praeposita.

251 1310 411 1391 Quod
444 1332 529 1373 feci
560 1340 658 1371 ante
694 1331 860 1386 aliquot
893 1345 1046 1382 annm,
1078 1345 1207 1386 quum
1237 1330 1462 1374 Ciceronis
1489 1336 1711 1376 orationes

250 1427 341 1460 eas,
375 1427 469 1468 quae
501 1414 545 1452 in
572 1409 734 1452 scholis
766 1408 856 1465 legi
887 1408 1044 1461 solent,
1074 1424 1098 1449 a
1131 1423 1197 1449 me
1230 1410 1481 1451 emendatas
1512 1411 1711 1463 edebam,

249 1500 310 1542 ut,
340 1505 470 1547 quum
505 1489 831 1531 adnotationem
864 1489 1060 1528 criticam
1091 1497 1345 1543 perpetuam
1377 1489 1582 1530 editionis
1612 1504 1713 1531 con-

249 1569 349 1610 silio
379 1568 557 1610 excludi
582 1567 837 1632 iudicarem,
866 1575 1027 1618 tamen,
1059 1568 1253 1607 maxime
1284 1567 1452 1608 scilicet
1480 1569 1713 1623 magistro-

248 1663 343 1689 rum
376 1662 522 1699 causa,
556 1647 631 1687 sed
664 1647 794 1686 etiam
821 1645 1006 1686 aliorum
1035 1645 1256 1686 hominum
1289 1645 1532 1696 doctorum,
1566 1647 1639 1702 qui
1668 1647 1712 1687 in

248 1726 330 1768 hoc
363 1726 605 1767 studiorum
638 1739 800 1780 genere
835 1733 1130 1774 versarentur,
1165 1725 1414 1766 universam
1449 1726 1714 1780 recognitio·

249 1806 316 1844 nis
350 1818 456 1845 meae
494 1805 708 1844 rationem
739 1805 782 1842 in
814 1802 1070 1856 praefatione
1104 1801 1373 1856 explicarem
1409 1802 1715 1858 exemplisque

249 1882 557 1937 patefacerem,
602 1882 644 1921 id
691 1882 732 1920 in
769 1879 936 1920 Catone
968 1888 1011 1920 et
1043 1879 1182 1919 Laelio
1215 1894 1266 1920 eo
1299 1879 1404 1920 mihi
1437 1881 1576 1936 magis
1607 1880 1712 1921 faci-

250 1961 405 2001 endum
443 1973 539 2000 esse
575 1967 696 2013 puto,
731 1958 845 2013 quod
877 1959 921 1998 in
953 1959 1097 2013 priore
1128 1956 1282 1998 libello
1315 1972 1429 2000 novo
1461 1959 1710 2015 insignique

250 2039 568 2080 emendationis
600 2036 796 2077 subsidio
831 2050 935 2077 usus
969 2051 1079 2079 sum0

360 2116 431 2155 Ab
458 2114 687 2155 Orelliano
720 2113 941 2168 exemplo,
972 2115 1015 2153 in
1038 2128 1122 2168 quo
1156 2122 1252 2168 post
1277 2114 1550 2168 superiorum
1585 2127 1711 2154 curas

251 2192 486 2248 diligenter
528 2192 779 2245 recognitus
822 2198 1003 2246 uterque
1039 2190 1242 2245 dialogus
1280 2199 1361 2241 est,
1402 2190 1710 2246 adhibitusque

252 2271 306 2312 ad
348 2269 559 2311 Catonem
600 2268 918 2309 emendandum
965 2268 1106 2309 codex
1148 2270 1340 2309 omnium
1383 2269 1712 2324 antiquissimus

251 2349 528 2397 Parisiensis,
560 2347 716 2402 quibus
746 2349 789 2387 in
824 2346 932 2387 locis
966 2346 1047 2387 hoc
1078 2361 1220 2387 meum
1251 2347 1482 2402 discrepet,
1511 2360 1570 2387 ex
1603 2346 1713 2387 infe-

253 2428 365 2467 riore
409 2427 605 2480 margine
640 2427 826 2480 perspici
865 2433 1019 2480 potest.
1081 2425 1166 2466 Sed
1202 2433 1299 2479 post
1330 2423 1549 2478 Orellium
1579 2423 1711 2465 Rein-

255 2503 410 2545 holdas
456 2503 676 2554 Klotzius,
723 2505 794 2560 qui
839 2501 1049 2543 Catonem
1086 2501 1247 2558 Lipsiae
1282 2503 1478 2553 a.1831,
1522 2489 1709 2543 Laelium

254 2597 291 2621 a.
315 2584 438 2632 1833,
469 2584 606 2624 auctis
635 2584 763 2623 etiam
790 2581 984 2622 codicum
1016 2580 1238 2632 subsidiis,
1265 2582 1415 2631 edidit,
1446 2580 1707 2634 optimorum

253 2658 461 2699 librorum
496 2662 796 2701 auctoritatem
830 2660 1022 2713 pressius
1057 2661 1186 2699 etiam
1221 2667 1396 2699 secutus
1431 2665 1496 2698 est
1524 2658 1708 2712 scriptu-

254 2750 482 2791 rarumque
531 2751 587 2777 ex
637 2739 689 2777 iis
732 2745 1002 2791 receptarum
1051 2738 1262 2777 rationem
1297 2735 1470 2790 copiose
1502 2733 1704 2776 reddidit.

252 2813 362 2855 Nam
397 2814 442 2855 F.
476 2813 529 2857 V.
565 2813 739 2854 Ottonis
772 2815 902 2856 editio
937 2814 1114 2856 Catonis
1147 2813 1283 2868 (Lips.
1317 2813 1441 2865 1830)
1475 2811 1583 2854 nihil
1614 2813 1704 2854 fere
