1821 3309
272 195 340 245 66

204 340 260 378 sit
291 336 519 391 perspicua
553 331 704 372 harum
736 330 971 372 formarum
1007 333 1141 376 ratio,
1185 331 1369 378 mirere,
1423 342 1518 369 eam
1554 344 1674 384 pror-

205 429 280 455 sus
323 429 348 455 a
388 410 708 454 recentioribus
749 409 1022 451 obscuratam
1058 424 1170 459 esse,
1203 422 1334 464 quum
1367 408 1607 462 praesertim
1639 407 1674 447 J.

205 494 259 534 G.
280 493 469 535 Vossius
499 491 727 531 veritatem
761 490 998 544 attigisset,
1033 490 1084 529 de
1117 486 1392 543 analog.lll,
1421 484 1493 533 4I;
1525 499 1674 540 quam-

209 587 337 629 quam
356 565 448 627 inse
462 570 663 610 celeriter
681 567 877 616 aberrat3
913 583 1010 608 nam
1035 577 1076 609 et
1095 569 1146 609 ad
1167 581 1326 623 paucas
1346 573 1514 607 tantum
1535 566 1673 606 tertiae

206 650 531 705 coniugationis
547 648 709 688 formas
724 647 805 686 hoc
824 647 1118 688 accommodat
1136 655 1176 687 et
1195 647 1352 688 deinde
1376 658 1427 686 eo
1445 643 1675 699 abripitur,

207 739 293 770 uta
311 727 459 770 verbis
487 726 824 780 frequentativis
846 739 1046 780 magnam
1066 734 1230 780 partem
1250 724 1564 766 commenticiis
1582 722 1675 778 (fu-

209 815 343 858 ctare,
387 812 539 847 actare
565 804 664 857 (Qc.)
687 803 885 853 deducat,
914 804 964 844 ad
987 813 1235 844 extremum
1255 811 1399 843 autem
1428 817 1451 842 a
1476 803 1675 856 praeteri-

212 889 266 928 tis
299 886 450 927 eadem
465 884 643 925 licentia
657 882 769 924 fictis
783 881 905 938 (faci
921 881 1023 935 ᾦα.)
1044 879 1382 937 repetitfaceso,
1400 880 1501 920 inde
1519 879 1672 929 samm

209 981 300 1021 cap.
334 973 478 1005 autem
513 964 569 1002 42
603 966 798 1003 arcessis
829 960 882 1002 ab
916 964 1160 1002 excesseris
1191 958 1383 1010 derivat,
1427 973 1521 1000 cum
1567 957 1675 999 mul-

208 1046 264 1085 tis
306 1041 406 1083 aliis
448 1054 612 1081 errans.
678 1039 883 1094 Plerique
926 1041 1066 1090 enim,
1118 1047 1163 1078 ut
1203 1052 1333 1078 unam
1369 1036 1582 1078 haberent
1609 1037 1676 1077 fu-

210 1122 296 1161 turi
323 1121 469 1161 exacti
504 1119 685 1160 formam
705 1148 715 1167 ,
753 1116 880 1165 faxo
914 1132 971 1158 ex
995 1116 1189 1165 fumet-o,
1222 1120 1360 1156 ausim
1393 1130 1452 1155 ex
1486 1119 1673 1157 auserim

211 1208 307 1241 orta
339 1197 582 1248 finxerunt,
615 1211 693 1237 nec
725 1204 890 1237 tantum
924 1198 972 1245 ii,
1017 1198 1087 1251 qui
1120 1194 1374 1249 popularius
1408 1195 1673 1249 scripserunt

208 1280 273 1331 (ut
299 1278 529 1332 Zumptius
560 1280 582 1326 ᾗ
615 1277 694 1315 161
731 1278 868 1316 ausim
902 1290 979 1330 pro
1012 1278 1199 1315 camerina
1235 1274 1395 1315 dictum
1430 1272 1568 1326 vult),
1599 1273 1673 1313 sed

208 1358 355 1407 etiam,
405 1356 478 1411 qui
520 1353 726 1394 subtilius
771 1355 1080 1408 quaesiverunt.
1162 1352 1300 1394 Velut
1342 1352 1570 1406 Iljortius,
1609 1352 1674 1391 vir

208 1435 501 1483 doctissinms,
546 1433 768 1487 professor
815 1433 1034 1481 Soranus,
1082 1432 1196 1484 (nen
1228 1431 1418 1472 latinske
1452 1429 1675 1485 Conjuga-

209 1513 431 1554 tionslaere
466 1527 506 1566 p.
539 1513 609 1561 42,
641 1512 710 1560 75,
748 1512 844 1560 116,
871 1511 952 1550 128
983 1512 1100 1565 sqq.)
1132 1509 1220 1551 haec
1253 1512 1425 1559 omnia,
1459 1523 1553 1563 quae
1587 1517 1673 1549 ter-

209 1595 277 1634 tiae
310 1592 631 1646 coniugationis
662 1598 789 1639 sunt,
823 1604 846 1630 a
881 1589 1110 1644 perfectis,
1145 1603 1266 1643 quse,
1301 1587 1374 1629 ubi
1408 1587 1530 1629 nulla
1561 1596 1677 1638 sunt,

212 1670 377 1727 fingere
422 1669 555 1710 licere
592 1668 711 1716 vult,
745 1678 790 1709 ut
825 1667 1076 1719 a.012·,fa.1:17‚
1104 1671 1220 1718 icari,
1252 1670 1427 1722 occepsi
1454 1675 1581 1717 cem,
1614 1668 1673 1706 ita

210 1749 409 1798 deducit,
456 1755 502 1786 ut
544 1761 735 1801 syncopa
771 1747 956 1802 quadam
991 1746 1161 1785 litteras
1206 1760 1252 1785 er
1284 1746 1506 1787 excidisse
1538 1754 1672 1800 putet.

210 1826 346 1867 Cuius
372 1838 571 1879 syncopae
603 1839 731 1879 quam
766 1825 976 1864 rationem
1010 1823 1092 1864 sibi
1114 1824 1391 1877 excogitan-it,
1423 1822 1674 1878 intelligere

299 1987 511 2023 Muellerus
538 1985 585 2020 ad
602 1986 702 2020 Fest.
717 1999 753 2032 p.
769 1987 876 2030 366),
905 1988 1009 2020 nox-ie
1037 1985 1082 2019 ab
1110 1997 1221 2018 nocco
1251 1984 1291 2018 in
1318 1984 1471 2019 tertiam
1496 1986 1671 2032 coniuga-

300 2048 444 2083 tionem
481 2052 704 2082 transeunte
744 2047 851 2081 addit
887 2046 1163 2081 Ramshoruius
1212 2057 1257 2079 ex
1301 2046 1417 2081 Festo
1463 2059 1497 2082 v.
1545 2048 1671 2082 Tama.

299 2109 437 2143 Primoe
464 2108 749 2155 eoniugationis
779 2107 963 2154 exempla,
990 2119 1073 2154 quae
1095 2107 1218 2142 multo
1247 2113 1338 2141 sunt
1361 2108 1486 2154 plura,
1521 2119 1672 2143 enume-

290 2182 385 2204 rare
408 2170 660 2216 supersedeo,
701 2169 876 2204 secundae
904 2169 1064 2215 primam
1094 2169 1291 2216 sequentis
1321 2174 1412 2204 sunt
1433 2171 1672 2216 prohibessit,

301 2232 480 2271 habessit,
509 2233 659 2266 licessit.
722 2230 836 2274 Quod
863 2242 882 2264 e
908 2231 1060 2264 Lueret.
1089 2230 1160 2270 111,
1187 2233 1256 2264 445
1281 2231 1438 2265 additur
1463 2233 1673 2271 cohibessit,

299 2292 581 2327 W‘Vakefieldius
622 2292 743 2326 edidit
781 2293 1045 2331 incohibessit3
1083 2296 1261 2325 neutrum
1287 2303 1419 2326 verum
1446 2296 1518 2334 est,
1544 2296 1670 2326 ortum

300 2359 506 2401 utrumque
533 2366 577 2388 ex
604 2355 809 2388 cohiberier
833 2355 875 2388 in
900 2354 1100 2401 superiore
1127 2364 1262 2394 νει-3ης
1289 2365 1374 2386 nam
1393 2364 1517 2400 neque
1531 2353 1572 2387 id
1589 2365 1670 2388 ver-

297 2416 389 2450 bum
425 2416 472 2449 ad
510 2416 740 2450 sententiam
777 2416 870 2450 ferri
906 2420 1034 2462 potest
1073 2417 1170 2458 (non
1198 2416 1363 2450 cohiberi
1383 2415 1547 2449 animam
1572 2417 1671 2456 ae're,

299 2480 500 2524 superiore
536 2488 650 2511 versu
682 2476 854 2517 dixerat3
892 2489 996 2511 nunc
1030 2476 1218 2510 rationem
1243 2476 1368 2510 addit:
1408 2477 1475 2525 qui
1509 2488 1670 2524 corpore

299 2544 433 2573 nostro
450 2539 570 2585 magis
597 2550 705 2574 rarus
733 2545 789 2574 est
814 2551 846 2572 v.
876 2550 957 2573 eam
975 2540 1254 2583 circumcludit)
1281 2550 1353 2573 nec
1370 2543 1520 2584 tempus
1538 2542 1669 2585 aptum

300 2604 368 2633 est.
420 2600 479 2644 [Id
504 2612 582 2634 non
608 2600 809 2642 adderem,
842 2600 918 2635 nisi
953 2613 972 2634 a
1008 2601 1091 2635 viro
1125 2600 1251 2646 perito
1290 2604 1456 2633 erratum
1487 2599 1668 2637 viderem.

298 2659 341 2693 in
365 2661 491 2695 verbis
520 2662 742 2707 compositis
770 2664 893 2696 tertiae
921 2661 1207 2707 coniugationis
1234 2660 1395 2695 eundem
1419 2660 1508 2703 hic,
1553 2665 1667 2707 atque

298 2720 338 2754 in
366 2721 504 2756 ceteris
531 2723 680 2764 formis,
705 2723 878 2758 accidere
904 2723 1046 2758 vocalis
1071 2724 1088 2757 ἵ
1114 2722 1156 2756 in
1182 2733 1202 2756 e
1228 2722 1434 2756 transitum
1458 2721 1500 2755 in
1522 2721 1667 2768 syllaba

301 2781 454 2824 clausa,
489 2789 533 2818 ut
561 2795 605 2818 ex
628 2786 811 2830 perci-pio
837 2785 903 2819 fiat
926 2796 1142 2831 percep-so,
1169 2782 1486 2832 quemadmodum
1513 2796 1665 2829 percep-

297 2849 386 2886 tum.
434 2844 528 2880 Nam
558 2845 655 2881 male
682 2845 890 2881 dividimus
915 2846 1172 2891 perce-ptam]
