1821 3309
272 205 372 257 348

202 351 445 389 vereamini
481 347 783 404 reprehendit,
833 350 990 391 deindo
1021 349 1230 402 cens-eos
1255 351 1338 390 etsi
1380 354 1678 395 misereamini

202 440 354 467 censeo
411 427 668 469 Sallustium
723 429 889 470 dixisse
947 430 1171 480 concedit3
1229 430 1362 470 ”satis
1414 430 1564 472 valere
1618 434 1672 473 ad

202 506 523 556 damnandum,
556 510 593 549 si
623 509 736 564 quod
769 510 825 549 sit
859 509 1098 558 eiusmodi,
1132 518 1178 550 ut
1207 508 1270 550 M.
1305 508 1446 550 Tullii
1475 512 1672 552 testimo—

202 587 275 627 nio
317 601 401 627 non
444 594 642 629 servetur
681 589 790 642 (!)'’.
862 589 948 631 Sed
981 604 1040 630 ex
1070 591 1149 641 iis,
1181 604 1274 645 quae
1308 588 1508 642 subiicit,
1540 605 1673 647 appa·

199 673 294 717 ret,
336 666 601 708 Ahrensium
651 669 778 724 gravi
823 684 970 709 errore
1011 684 1152 725 neque
1194 669 1396 711 Sallustii
1427 684 1567 725 neque
1600 669 1672 711 Ci-

202 747 373 786 ceronis
406 747 589 788 formam
631 748 795 789 ironice
838 738 1114 789 suadentium
1149 748 1448 798 intellexisse,
1492 749 1567 790 sed
1601 763 1673 791 ve-

202 829 403 877 reamini,
435 841 585 867 censeo
613 837 788 883 putasse
818 828 900 869 dici
929 843 1005 884 pro
1034 831 1259 880 veremini,
1292 828 1434 869 credo.
1497 828 1670 870 Deinde

201 904 421 954 nefandas
465 907 598 962 (quod
645 907 775 948 debui
824 922 847 948 e
898 909 991 949 cod.
1033 909 1075 948 in
1119 923 1255 964 marg.
1312 906 1467 949 Lamb.
1519 917 1562 948 et
1616 923 1672 950 ex

204 983 419 1040 Tegerns.
476 995 519 1026 et
563 986 705 1028 Rhen.
749 1002 985 1039 revocare,
1040 996 1087 1028 ut
1127 986 1325 1029 Orellius
1372 997 1415 1029 et
1467 987 1673 1029 Klotzius

201 1064 418 1116 fecerunt)
462 1075 593 1119 negat
630 1065 964 1108 Ciceronianum
999 1082 1095 1108 esse
1137 1068 1424 1119 adiectivum‚
1463 1067 1593 1123 idque
1625 1075 1672 1108 ut

201 1145 355 1199 possit,
397 1144 583 1198 expellit
626 1160 685 1186 ex
726 1148 922 1186 oratione
953 1146 1199 1187 Miloniana
1241 1150 1264 1198 ξ
1297 1148 1353 1187 72
1386 1157 1535 1188 contra
1571 1162 1673 1188 con-

202 1225 461 1264 sentientem
493 1224 703 1266 bonorum
735 1226 929 1266 codicum
965 1227 1282 1267 auctoritatem.
1349 1226 1562 1276 Quartum
1595 1227 1669 1267 de-

203 1304 332 1357 nique
367 1304 520 1343 vitium
555 1305 747 1344 residere
781 1314 902 1359 putat
945 1307 988 1345 in
1033 1304 1228 1354 nefando
1269 1309 1397 1346 nimis·
1428 1321 1506 1361 pro
1538 1309 1668 1346 nimis

200 1379 412 1432 nefando,
453 1396 533 1423 nec
580 1383 890 1424 animadvertit
931 1385 993 1424 sic
1032 1383 1169 1425 multo
1206 1386 1338 1425 etiam
1372 1383 1673 1425 incredibilio-

201 1476 292 1501 rem
324 1461 507 1502 formam
552 1460 686 1504 effici:
723 1468 809 1503 tam
855 1462 1050 1512 nefando
1090 1467 1233 1505 m‘mz's.
1297 1463 1509 1520 Apparet,
1544 1467 1673 1504 niueis

201 1542 577 1596 interpretamenti
618 1541 715 1583 loco
757 1543 809 1583 ad
854 1546 1048 1583 severius
1085 1545 1321 1598 ascriptum
1357 1558 1469 1584 esse.
1531 1541 1672 1584 Miror

202 1622 395 1671 omnino,
439 1636 524 1661 non
567 1620 763 1663 diffidere
803 1621 886 1662 sibi
931 1624 974 1663 in
1018 1622 1096 1663 tali
1137 1623 1432 1679 disputatione
1471 1621 1671 1664 homines

201 1700 310 1740 adeo
354 1715 438 1741 non
482 1700 650 1742 Latinae
683 1703 892 1743 orationis
923 1701 1081 1742 idonea
1111 1704 1295 1744 scientia
1337 1705 1588 1754 instructoS,
1623 1709 1671 1742 ut

194 1783 530 1834 proetermc'sc'sse
563 1789 605 1821 et
628 1784 1019 1835 proetermc‘ssnrum
1045 1781 1199 1832 sitisse
1228 1791 1476 1838 permutent
1506 1784 1567 1838 (p.
1596 1781 1669 1835 50)

203 1858 378 1915 aliaque
408 1860 571 1901 similia
603 1862 780 1902 minime
815 1876 915 1902 raro
950 1863 1235 1903 committant.

315 1939 401 1981 Sed
433 1949 622 1995 praestat,
654 1942 816 1982 omissa
849 1941 1066 1982 refutandi
1097 1950 1140 1982 et
1172 1941 1520 1998 reprehendendi
1550 1955 1670 1981 acer-

201 2017 354 2070 bitate,
379 2019 504 2060 ‘duas
550 2034 620 2061 res
663 2019 856 2061 breviter
897 2022 1131 2076 attingere,
1174 2036 1268 2077 quae
1307 2022 1359 2062 ad
1392 2030 1526 2062 totam
1558 2019 1671 2061 hane

202 2111 293 2138 rem
321 2099 552 2152 prudenter
578 2099 853 2141 iudicandam
885 2099 1013 2141 valde
1037 2102 1271 2155 pertinent.
1328 2100 1520 2141 Primum
1551 2101 1668 2140 enim

204 2175 405 2218 Sallustii
437 2179 695 2217 auctoritate
723 2179 785 2218 sic
813 2179 986 2234 quidam
1015 2187 1211 2229 utuntur,
1245 2180 1369 2234 quasi
1397 2181 1436 2219 is
1466 2179 1669 2218 minimas

205 2256 335 2295 etiam
379 2255 805 2311 rerumparticulas
839 2256 1170 2313 incomparabili
1211 2259 1355 2299 studio
1392 2259 1669 2299 examinatas

204 2348 291 2375 non
317 2335 482 2375 minore
511 2334 742 2390 diligentia
769 2338 1028 2388 narraverit,
1056 2345 1103 2377 ut
1130 2338 1261 2379 etiam
1294 2339 1530 2389 orationes,
1562 2350 1670 2393 quas

206 2412 380 2455 habitas
432 2415 641 2469 exponit,
695 2416 749 2456 ad
791 2418 1021 2458 veritatem
1068 2429 1304 2472 expressas
1347 2425 1515 2473 putent.
1580 2415 1670 2466 Qui

203 2493 332 2534 valde
364 2501 523 2534 errant.
583 2493 697 2535 Nam
739 2495 941 2537 Sallustii
981 2495 1079 2537 laus
1112 2497 1246 2537 totius
1285 2511 1431 2538 rerum
1463 2497 1670 2552 imaginis

205 2572 479 2627 explicandi-‚e
510 2582 618 2626 arte,
648 2574 797 2615 iudicii
830 2574 1088 2627 subtilitate,
1118 2577 1432 2617 sententiarum
1462 2575 1670 2632 pondere,

203 2652 415 2692 orationis
437 2654 654 2707 gravitate
681 2663 906 2704 censetur3
934 2655 1212 2711 (quamquam
1237 2654 1305 2696 his
1331 2653 1531 2696 omnibus
1561 2653 1669 2694 affe-

205 2730 337 2770 ctatio
390 2729 589 2773 admixta
619 2735 728 2784 est3)
777 2733 900 2774 illam
942 2733 1214 2790 singularum
1240 2748 1406 2775 ¹rerum
1455 2746 1669 2774 summam

206 2808 479 2864 diligentiam
511 2809 642 2853 homo
672 2814 917 2868 praetorius,
948 2812 1210 2869 eloquentiae
1237 2821 1281 2855 et
1313 2812 1538 2868 prudentis
1569 2827 1669 2868 gra-

207 2889 359 2937 vitatis
399 2888 586 2946 gloriam
631 2900 800 2947 petens,
825 2894 1114 2948 non-primo
1154 2890 1251 2934 loeo
1294 2891 1459 2935 habuit.
1482 2918 1492 2925 -
1526 2890 1591 2942 ld,
1628 2891 1666 2931 si
