1821 3309
296 236 395 284 302

230 381 445 422 hunorum
478 370 745 418 'eei-ariorum
789 389 902 417 unus
944 373 1077 418 fuerit
1116 376 1250 429 ordo,
1305 391 1433 433 quem
1489 377 1604 419 Milo
1651 381 1696 420 in

233 460 347 501 caede
389 457 533 498 Clodii
573 458 790 512 praecipue
833 455 1082 497 defendisse
1120 457 1266 511 putari
1306 464 1481 512 posset,
1529 471 1579 498 ac
1611 471 1697 499 non

233 540 427 579 omnium
469 536 709 585 bonorum,
761 549 944 590 quorum
986 551 1168 578 numero
1210 536 1376 577 iudices
1414 536 1699 592 comprehen-

232 617 415 666 dantur,
460 617 552 655 vita
595 629 644 654 ac
689 613 808 654 salus
853 614 1142 670 intelligatur.
1179 615 1211 668 ¹)
1291 615 1504 657 Similiter
1537 617 1699 656 veritas

232 695 315 736 hoc
358 703 468 734 teste
510 693 704 733 stabilita
752 691 897 743 (Quid
937 698 1077 748 igilur
1121 696 1250 734 erat?
1299 694 1436 735 stlora
1479 700 1520 734 et
1562 698 1700 749 [ergi-

234 776 444 826 versatio)
495 788 519 813 a
570 771 749 812 Klotzio
788 780 934 826 spreta
980 782 1044 812 est
1089 776 1111 824 §
1152 774 1232 823 54,
1274 774 1335 812 .in
1383 772 1408 826 ξ
1450 774 1507 813 49
1553 782 1697 813 autem

234 852 288 893 ab
321 866 406 891 uno
440 850 662 891 intellecta
694 859 759 890 est
790 850 992 891 Ernestio
1022 859 1063 890 et
1087 850 1260 892 lineolae
1295 852 1540 892 adiectione
1573 851 1701 902 (cau-

234 945 324 972 sam
365 945 442 985 pro
489 935 642 982 causa)
684 929 845 970 adiuta.
923 927 1068 980 (Quid
1109 930 1329 981 afferebat
1368 930 1702 979 ccmsamfesli-

235 1010 460 1050 nule'om’s?
507 1007 674 1056 Quaerit
707 1009 820 1047 enim
856 1006 1033 1058 Cicero,
1081 1010 1180 1063 quid
1213 1010 1371 1060 fuerit,
1411 1024 1485 1050 cur
1516 1010 1704 1050 festina-

233 1098 375 1136 retur;
408 1101 489 1137 an,
521 1087 634 1141 quod
670 1084 851 1126 Clodius
876 1087 1003 1126 heres
1034 1088 1180 1141 esset.)
1262 1088 1481 1138 Omnino,
1519 1089 1555 1128 si
1584 1089 1701 1129 codi-

236 1181 326 1208 cem
364 1165 675 1206 Coloniensem
711 1179 763 1204 eo
799 1164 953 1215 modO,
986 1179 1070 1219 quo
1107 1180 1219 1206 nunc
1249 1166 1578 1218 Erfurtensem‚
1611 1166 1722 1208 col->

232 1245 368 1287 latum
400 1243 679 1290 haberemus,
711 1257 794 1282 non
827 1242 993 1292 dubito,
1027 1245 1129 1298 quin
1159 1243 1236 1284 ille
1270 1244 1383 1285 hunc
1414 1247 1543 1286 etiam
1573 1260 1701 1301 supe·

234 1333 407 1365 raturus
439 1322 596 1370 fuerit,
635 1321 715 1359 etsi
748 1334 801 1359 ne
836 1321 872 1359 is
905 1321 1075 1375 quidem
1109 1323 1200 1362 suis
1235 1331 1276 1362 et
1311 1325 1500 1377 propriis
1532 1325 1700 1365 mendis

235 1410 353 1443 caret
401 1405 467 1450 (ut
509 1400 640 1450 §792
685 1403 733 1438 vt
771 1412 822 1437 ea
879 1412 1129 1450 cernamus,
1193 1414 1284 1454 ‘1⁷²‘oe
1332 1414 1418 1441 ηοιι
1474 1401 1701 1453 videmus).

235 1481 381 1535 Atque
432 1478 547 1518 hunc
587 1476 730 1517 locum
771 1476 912 1516 codex
948 1475 1227 1518 Coloniensis
1270 1481 1398 1519 etiam
1442 1480 1485 1519 in
1528 1479 1702 1534 Ligari-

235 1574 317 1600 ana
349 1567 515 1605 tuetur3
567 1556 641 1595 sed
682 1556 725 1595 in
762 1554 842 1595 hac
877 1557 1073 1596 oratione
1109 1559 1285 1597 omnino
1318 1557 1474 1598 melior
1504 1559 1700 1600 codicum

233 1637 425 1687 familia,
471 1650 494 1676 e
539 1649 623 1689 qua
668 1648 781 1674 nunc
824 1642 980 1688 praeter
1015 1634 1314 1676 Erfurtensem
1347 1636 1581 1692 diligenter
1613 1635 1700 1676 col-

232 1716 312 1757 lati
347 1724 445 1756 sunt
476 1713 706 1754 Leidensis
738 1714 851 1767 apud
885 1712 1126 1764 OreHium,
1155 1713 1382 1755 Gudianus
1410 1715 1626 1763 secundus
1657 1723 1701 1755 et

236 1793 587 1848 salisburgensis
623 1790 730 1844 (Ma)
764 1791 875 1846 apud
910 1791 1176 1842 soldanum,
1218 1794 1303 1833 iam
1337 1791 1537 1833 nonnihil
1568 1791 1700 1832 defle·

235 1881 351 1914 ctere
395 1872 547 1926 incipit
589 1885 613 1910 a
648 1870 900 1924 praestantia
935 1883 1038 1920 sua,
1085 1870 1213 1910 credo
1247 1871 1358 1926 quod
1393 1879 1434 1910 et
1468 1872 1509 1910 in
1543 1885 1595 1910 eo
1626 1885 1698 1911 co-

234 1952 356 2001 dice,
403 1965 426 1990 e
459 1964 542 2004 quo
575 1949 700 1988 ducta
739 1957 827 1998 est,
872 1947 941 1988 hic
971 1949 1057 1988 iam
1092 1947 1279 1989 deficere
1310 1948 1479 1990 librarii
1510 1949 1699 2007 diligen-

235 2032 295 2070 tia
336 2036 539 2084 coeperat
583 2035 624 2067 et
666 2026 1042 2081 frequenslertio
1083 2027 1318 2078 effecerat,
1361 2036 1408 2067 ut
1439 2029 1699 2082 interpreta-

233 2116 377 2148 menta
409 2106 593 2159 ascripta
626 2106 1005 2159 super-scriptaque
1038 2104 1198 2156 essent,
1230 2106 1340 2159 quod
1377 2119 1516 2158 genus
1547 2107 1699 2144 etiam·

235 2198 349 2225 nunc
394 2184 437 2222 in
484 2182 631 2222 codice
673 2181 763 2220 Erf.
803 2184 989 2236 perspici
1022 2191 1177 2237 potest.
1242 2183 1326 2223 Sed
1362 2191 1505 2222 tamen
1538 2183 1698 2236 saepius

235 2276 361 2318 quam
406 2261 539 2301 ceteri
585 2257 863 2299 Coloniensis
906 2259 1196 2314 corruptelam
1251 2260 1462 2316 effugisse
1510 2260 1698 2302 videtur.

237 2340 402 2381 Omnes
455 2353 504 2377 ea
549 2338 741 2392 pervasit
786 2338 829 2377 in
873 2340 1006 2388 §11‚
1053 2337 1128 2378 ubi
1170 2338 1282 2392 quod
1322 2352 1459 2389 nunc,
1508 2337 1698 2392 expulsa

235 2420 438 2474 graviore
472 2414 834 2470 interpolatione,
876 2416 1017 2456 editur
1048 2431 1072 2456 a
1105 2415 1314 2466 Klotzio,
1363 2415 1582 2466 Soldano,
1614 2414 1699 2456 Be-

234 2497 414 2538 neckio:
466 2495 665 2536 Externa*
705 2498 784 2534 iste·
810 2507 947 2534 mores
979 2508 1113 2548 usque
1143 2494 1203 2534 ad
1229 2498 1483 2548 sanguinem
1514 2497 1703 2534 incitari

234 2577 375 2616 solent
403 2574 528 2623 odio,
577 2578 655 2614 cmc
697 2573 854 2613 levium
901 2571 1143 2614 Graecornm
1190 2578 1266 2613 aul
1307 2575 1554 2613 immanium
1597 2570 1697 2611 bar-

264 2765 293 2807 ¹)
332 2762 464 2796 Potest
490 2762 629 2808 aliquis
656 2762 731 2795 dici
756 2762 917 2807 quodam
943 2762 1055 2795 modo
1080 2762 1250 2796 iudicum
1276 2761 1382 2801 ordo,
1406 2760 1579 2795 homines
1596 2773 1694 2795 com-

327 2824 509 2858 munione
533 2822 702 2855 muneris
730 2823 930 2856 continens
958 2823 1015 2865 (in
1030 2823 1108 2859 Pis.
1136 2826 1157 2864 §
1176 2825 1262 2867 94);
1291 2833 1421 2855 verum
1447 2822 1479 2855 is
1507 2821 1694 2857 eiusmodi

327 2897 405 2919 non
437 2882 516 2924 esf,
542 2888 585 2918 ut
611 2884 692 2918 cius
718 2884 800 2917 iura
827 2896 846 2917 a
871 2884 1017 2918 Milone
1043 2883 1198 2917 defensa
1229 2883 1387 2928 cogitari
1414 2883 1573 2929 possint.
1616 2919 1618 2921 ,
