<?xml version="1.0" encoding="UTF-8"?>
<!DOCTYPE html PUBLIC "-//W3C//DTD XHTML 1.0 Transitional//EN"
    "http://www.w3.org/TR/xhtml1/DTD/xhtml1-transitional.dtd">
<html xmlns="http://www.w3.org/1999/xhtml" xml:lang="en" lang="en">
 <head>
  <title>
</title>
<meta http-equiv="Content-Type" content="text/html;charset=utf-8" />
  <meta name='ocr-system' content='tesseract 3.04.00' />
  <meta name='ocr-capabilities' content='ocr_page ocr_carea ocr_par ocr_line ocrx_word'/>
</head>
<body>
  <div class='ocr_page' id='page_1' title='image "./ionicolaimadvigi02madvuoft_0359.png"; bbox 0 0 1821 3309; ppageno 0'>
   <div class='ocr_carea' id='block_1_1' title="bbox 1380 207 1482 257">
    <p class='ocr_par' dir='ltr' id='par_1_1' title="bbox 1380 207 1482 257">
     <span class='ocr_line' id='line_1_1' title="bbox 1380 207 1482 257; baseline 0 0"><span class='ocrx_word' id='word_1_1' title='bbox 1380 207 1482 257; x_wconf 75' lang='lat'>347</span> 
     </span>
    </p>
   </div>
   <div class='ocr_carea' id='block_1_2' title="bbox 89 328 1562 2948">
    <p class='ocr_par' dir='ltr' id='par_1_2' title="bbox 89 328 1558 1421">
     <span class='ocr_line' id='line_1_2' title="bbox 94 328 1555 405; baseline 0.001 -14"><span class='ocrx_word' id='word_1_2' title='bbox 94 328 338 392; x_wconf 77' lang='lat' dir='ltr'>con&#39;sularis</span> <span class='ocrx_word' id='word_1_3' title='bbox 370 348 561 390; x_wconf 82' lang='lat' dir='ltr'>hominis</span> <span class='ocrx_word' id='word_1_4' title='bbox 591 349 637 390; x_wconf 90' lang='lat' dir='ltr'>in</span> <span class='ocrx_word' id='word_1_5' title='bbox 667 347 807 391; x_wconf 89' lang='lat' dir='ltr'>libera</span> <span class='ocrx_word' id='word_1_6' title='bbox 840 347 1066 405; x_wconf 85' lang='lat' dir='ltr'>republica</span> <span class='ocrx_word' id='word_1_7' title='bbox 1096 349 1336 392; x_wconf 80' lang='lat' dir='ltr'>studiorum</span> <span class='ocrx_word' id='word_1_8' title='bbox 1369 360 1413 391; x_wconf 89' lang='lat' dir='ltr'>et</span> <span class='ocrx_word' id='word_1_9' title='bbox 1443 353 1555 393; x_wconf 79' lang='lat' dir='ltr'>scri-</span> 
     </span>
     <span class='ocr_line' id='line_1_3' title="bbox 92 427 1555 486; baseline 0 -15"><span class='ocrx_word' id='word_1_10' title='bbox 92 428 223 471; x_wconf 89' lang='lat' dir='ltr'>bendi</span> <span class='ocrx_word' id='word_1_11' title='bbox 254 430 467 471; x_wconf 79' lang='lat' dir='ltr'>ministro.</span> <span class='ocrx_word' id='word_1_12' title='bbox 538 427 649 470; x_wconf 84' lang='lat' dir='ltr'>Nam</span> <span class='ocrx_word' id='word_1_13' title='bbox 683 428 882 484; x_wconf 88' lang='lat' dir='ltr'>quidam,</span> <span class='ocrx_word' id='word_1_14' title='bbox 913 443 1042 484; x_wconf 92' lang='lat' dir='ltr'>quum</span> <span class='ocrx_word' id='word_1_15' title='bbox 1070 428 1375 471; x_wconf 87' lang='lat' dir='ltr'>declamatoris</span> <span class='ocrx_word' id='word_1_16' title='bbox 1407 445 1555 486; x_wconf 88' lang='lat' dir='ltr'>perso-</span> 
     </span>
     <span class='ocr_line' id='line_1_4' title="bbox 92 506 1554 563; baseline 0 -12"><span class='ocrx_word' id='word_1_17' title='bbox 92 524 192 551; x_wconf 85' lang='lat' dir='ltr'>nam</span> <span class='ocrx_word' id='word_1_18' title='bbox 221 509 445 558; x_wconf 83' lang='lat' dir='ltr'>inducunt,</span> <span class='ocrx_word' id='word_1_19' title='bbox 476 522 572 549; x_wconf 88' lang='lat' dir='ltr'>eam</span> <span class='ocrx_word' id='word_1_20' title='bbox 592 521 652 549; x_wconf 83' lang='lat' dir='ltr'>ex</span> <span class='ocrx_word' id='word_1_21' title='bbox 677 506 954 548; x_wconf 88' lang='lat' dir='ltr'>Ciceroniani</span> <span class='ocrx_word' id='word_1_22' title='bbox 984 510 1190 563; x_wconf 89' lang='lat' dir='ltr'>temporis</span> <span class='ocrx_word' id='word_1_23' title='bbox 1221 510 1346 549; x_wconf 89' lang='lat' dir='ltr'>docto</span> <span class='ocrx_word' id='word_1_24' title='bbox 1379 509 1554 551; x_wconf 84' lang='lat' dir='ltr'>homine</span> 
     </span>
     <span class='ocr_line' id='line_1_5' title="bbox 91 587 1552 645; baseline 0 -15"><span class='ocrx_word' id='word_1_25' title='bbox 91 597 222 645; x_wconf 86' lang='lat' dir='ltr'>atque</span> <span class='ocrx_word' id='word_1_26' title='bbox 265 589 375 630; x_wconf 87' lang='lat' dir='ltr'>scito</span> <span class='ocrx_word' id='word_1_27' title='bbox 414 587 590 628; x_wconf 81' lang='lat' dir='ltr'>rhetore</span> <span class='ocrx_word' id='word_1_28' title='bbox 622 596 665 628; x_wconf 90' lang='lat' dir='ltr'>et</span> <span class='ocrx_word' id='word_1_29' title='bbox 707 601 766 627; x_wconf 80' lang='lat' dir='ltr'>ex</span> <span class='ocrx_word' id='word_1_30' title='bbox 799 588 939 628; x_wconf 86' lang='lat' dir='ltr'>aetatis</span> <span class='ocrx_word' id='word_1_31' title='bbox 975 587 1122 627; x_wconf 87' lang='lat' dir='ltr'>multis</span> <span class='ocrx_word' id='word_1_32' title='bbox 1156 587 1316 629; x_wconf 88' lang='lat' dir='ltr'>seculis</span> <span class='ocrx_word' id='word_1_33' title='bbox 1350 589 1552 630; x_wconf 83' lang='lat' dir='ltr'>diiunctae</span> 
     </span>
     <span class='ocr_line' id='line_1_6' title="bbox 92 666 1555 722; baseline -0.001 -13"><span class='ocrx_word' id='word_1_34' title='bbox 92 666 259 709; x_wconf 88' lang='lat' dir='ltr'>insulso</span> <span class='ocrx_word' id='word_1_35' title='bbox 300 675 512 722; x_wconf 72' lang='lat' dir='ltr'>nugator-e</span> <span class='ocrx_word' id='word_1_36' title='bbox 558 668 764 716; x_wconf 83' lang='lat' dir='ltr'>miscent,</span> <span class='ocrx_word' id='word_1_37' title='bbox 819 679 924 706; x_wconf 89' lang='lat' dir='ltr'>sane</span> <span class='ocrx_word' id='word_1_38' title='bbox 956 666 1010 707; x_wconf 91' lang='lat' dir='ltr'>ad</span> <span class='ocrx_word' id='word_1_39' title='bbox 1040 668 1217 722; x_wconf 78' lang='lat' dir='ltr'>quasvis</span> <span class='ocrx_word' id='word_1_40' title='bbox 1249 676 1392 720; x_wconf 82' lang='lat' dir='ltr'>partes</span> <span class='ocrx_word' id='word_1_41' title='bbox 1426 670 1555 708; x_wconf 87' lang='lat' dir='ltr'>susti-</span> 
     </span>
     <span class='ocr_line' id='line_1_7' title="bbox 94 745 1556 803; baseline 0.001 -16"><span class='ocrx_word' id='word_1_42' title='bbox 94 747 260 788; x_wconf 81' lang='lat' dir='ltr'>nendas</span> <span class='ocrx_word' id='word_1_43' title='bbox 283 745 540 803; x_wconf 82' lang='lat' dir='ltr'>fabulasque</span> <span class='ocrx_word' id='word_1_44' title='bbox 567 745 840 802; x_wconf 81' lang='lat' dir='ltr'>peragendas</span> <span class='ocrx_word' id='word_1_45' title='bbox 872 755 1031 801; x_wconf 87' lang='lat' dir='ltr'>aptam.</span> <span class='ocrx_word' id='word_1_46' title='bbox 1096 747 1180 788; x_wconf 78' lang='lat' dir='ltr'>Sed</span> <span class='ocrx_word' id='word_1_47' title='bbox 1202 747 1361 788; x_wconf 84' lang='lat' dir='ltr'>addunt</span> <span class='ocrx_word' id='word_1_48' title='bbox 1382 747 1556 788; x_wconf 82' lang='lat' dir='ltr'>Ahren-</span> 
     </span>
     <span class='ocr_line' id='line_1_8' title="bbox 92 823 1555 882; baseline 0.001 -15"><span class='ocrx_word' id='word_1_49' title='bbox 92 827 184 867; x_wconf 83' lang='lat' dir='ltr'>sius</span> <span class='ocrx_word' id='word_1_50' title='bbox 215 834 258 867; x_wconf 88' lang='lat' dir='ltr'>et</span> <span class='ocrx_word' id='word_1_51' title='bbox 293 824 517 877; x_wconf 87' lang='lat' dir='ltr'>Orellius,</span> <span class='ocrx_word' id='word_1_52' title='bbox 569 826 747 866; x_wconf 91' lang='lat' dir='ltr'>omnino</span> <span class='ocrx_word' id='word_1_53' title='bbox 778 823 873 866; x_wconf 90' lang='lat' dir='ltr'>fieri</span> <span class='ocrx_word' id='word_1_54' title='bbox 905 840 990 866; x_wconf 89' lang='lat' dir='ltr'>non</span> <span class='ocrx_word' id='word_1_55' title='bbox 1019 827 1239 882; x_wconf 78' lang='lat' dir='ltr'>potuisse,</span> <span class='ocrx_word' id='word_1_56' title='bbox 1284 835 1330 866; x_wconf 90' lang='lat' dir='ltr'>ut</span> <span class='ocrx_word' id='word_1_57' title='bbox 1367 825 1444 867; x_wconf 90' lang='lat' dir='ltr'>illo</span> <span class='ocrx_word' id='word_1_58' title='bbox 1485 828 1555 868; x_wconf 89' lang='lat' dir='ltr'>die</span> 
     </span>
     <span class='ocr_line' id='line_1_9' title="bbox 90 903 1556 961; baseline 0.001 -15"><span class='ocrx_word' id='word_1_59' title='bbox 90 903 243 946; x_wconf 79' lang='lat' dir='ltr'>scribae</span> <span class='ocrx_word' id='word_1_60' title='bbox 284 905 336 946; x_wconf 91' lang='lat' dir='ltr'>ad</span> <span class='ocrx_word' id='word_1_61' title='bbox 375 906 575 946; x_wconf 87' lang='lat' dir='ltr'>aerarium</span> <span class='ocrx_word' id='word_1_62' title='bbox 623 906 933 956; x_wconf 85' lang='lat' dir='ltr'>convenirent,</span> <span class='ocrx_word' id='word_1_63' title='bbox 984 920 1112 961; x_wconf 87' lang='lat' dir='ltr'>quum</span> <span class='ocrx_word' id='word_1_64' title='bbox 1159 908 1347 954; x_wconf 85' lang='lat' dir='ltr'>seirent,</span> <span class='ocrx_word' id='word_1_65' title='bbox 1405 921 1556 948; x_wconf 86' lang='lat' dir='ltr'>omnes</span> 
     </span>
     <span class='ocr_line' id='line_1_10' title="bbox 90 985 1557 1043; baseline 0.001 -17"><span class='ocrx_word' id='word_1_66' title='bbox 90 986 374 1040; x_wconf 78' lang='lat' dir='ltr'><strong>magistratus</strong></span> <span class='ocrx_word' id='word_1_67' title='bbox 415 986 458 1025; x_wconf 92' lang='lat' dir='ltr'>in</span> <span class='ocrx_word' id='word_1_68' title='bbox 501 993 654 1026; x_wconf 89' lang='lat' dir='ltr'>senatu</span> <span class='ocrx_word' id='word_1_69' title='bbox 697 998 809 1025; x_wconf 89' lang='lat' dir='ltr'>esse.</span> <span class='ocrx_word' id='word_1_70' title='bbox 897 985 1046 1027; x_wconf 85' lang='lat' dir='ltr'>Facile</span> <span class='ocrx_word' id='word_1_71' title='bbox 1093 995 1236 1027; x_wconf 81' lang='lat' dir='ltr'>tamen</span> <span class='ocrx_word' id='word_1_72' title='bbox 1278 986 1557 1043; x_wconf 78' lang='lat' dir='ltr'>intelligitur,</span> 
     </span>
     <span class='ocr_line' id='line_1_11' title="bbox 95 1063 1557 1119; baseline 0.003 -16"><span class='ocrx_word' id='word_1_73' title='bbox 95 1078 227 1119; x_wconf 87' lang='lat' dir='ltr'>quum</span> <span class='ocrx_word' id='word_1_74' title='bbox 263 1072 458 1115; x_wconf 84' lang='lat' dir='ltr'>senatuS,</span> <span class='ocrx_word' id='word_1_75' title='bbox 502 1072 548 1104; x_wconf 90' lang='lat' dir='ltr'>ut</span> <span class='ocrx_word' id='word_1_76' title='bbox 578 1063 658 1104; x_wconf 78' lang='lat' dir='ltr'>illo</span> <span class='ocrx_word' id='word_1_77' title='bbox 689 1072 900 1119; x_wconf 87' lang='lat' dir='ltr'>tempore,</span> <span class='ocrx_word' id='word_1_78' title='bbox 931 1063 1075 1105; x_wconf 86' lang='lat' dir='ltr'>subito</span> <span class='ocrx_word' id='word_1_79' title='bbox 1110 1076 1439 1118; x_wconf 79' lang='lat' dir='ltr'>convocaretur,</span> <span class='ocrx_word' id='word_1_80' title='bbox 1470 1082 1557 1108; x_wconf 92' lang='lat' dir='ltr'>non</span> 
     </span>
     <span class='ocr_line' id='line_1_12' title="bbox 91 1142 1556 1200; baseline 0.003 -17"><span class='ocrx_word' id='word_1_81' title='bbox 91 1157 243 1184; x_wconf 88' lang='lat' dir='ltr'>omnes</span> <span class='ocrx_word' id='word_1_82' title='bbox 285 1142 452 1183; x_wconf 83' lang='lat' dir='ltr'><strong>scribas</strong></span> <span class='ocrx_word' id='word_1_83' title='bbox 496 1143 704 1183; x_wconf 79' lang='lat' dir='ltr'>certiores</span> <span class='ocrx_word' id='word_1_84' title='bbox 746 1143 885 1183; x_wconf 76' lang='lat' dir='ltr'>factos</span> <span class='ocrx_word' id='word_1_85' title='bbox 929 1157 1040 1186; x_wconf 85' lang='lat' dir='ltr'>esse.</span> <span class='ocrx_word' id='word_1_86' title='bbox 1109 1144 1260 1200; x_wconf 86' lang='lat' dir='ltr'>ltaque</span> <span class='ocrx_word' id='word_1_87' title='bbox 1306 1145 1371 1186; x_wconf 89' lang='lat' dir='ltr'>illi</span> <span class='ocrx_word' id='word_1_88' title='bbox 1418 1147 1556 1188; x_wconf 85' lang='lat' dir='ltr'>nihilo</span> 
     </span>
     <span class='ocr_line' id='line_1_13' title="bbox 90 1222 1557 1281; baseline 0.004 -19"><span class='ocrx_word' id='word_1_89' title='bbox 90 1222 260 1272; x_wconf 91' lang='lat' dir='ltr'>minus,</span> <span class='ocrx_word' id='word_1_90' title='bbox 314 1236 444 1277; x_wconf 88' lang='lat' dir='ltr'>quum</span> <span class='ocrx_word' id='word_1_91' title='bbox 489 1231 628 1263; x_wconf 81' lang='lat' dir='ltr'>status</span> <span class='ocrx_word' id='word_1_92' title='bbox 668 1224 705 1263; x_wconf 87' lang='lat' dir='ltr'>is</span> <span class='ocrx_word' id='word_1_93' title='bbox 741 1223 833 1264; x_wconf 88' lang='lat' dir='ltr'>deis</span> <span class='ocrx_word' id='word_1_94' title='bbox 863 1225 1083 1264; x_wconf 88' lang='lat' dir='ltr'>sortitioni</span> <span class='ocrx_word' id='word_1_95' title='bbox 1125 1234 1240 1264; x_wconf 78' lang='lat' dir='ltr'>esset</span> <span class='ocrx_word' id='word_1_96' title='bbox 1282 1225 1448 1281; x_wconf 82' lang='lat' dir='ltr'>(paullo</span> <span class='ocrx_word' id='word_1_97' title='bbox 1481 1242 1557 1268; x_wconf 84' lang='lat' dir='ltr'>an-</span> 
     </span>
     <span class='ocr_line' id='line_1_14' title="bbox 89 1302 1558 1356; baseline 0.005 -15"><span class='ocrx_word' id='word_1_98' title='bbox 89 1309 265 1356; x_wconf 84' lang='lat' dir='ltr'>tequam</span> <span class='ocrx_word' id='word_1_99' title='bbox 307 1302 413 1342; x_wconf 82' lang='lat' dir='ltr'>novi</span> <span class='ocrx_word' id='word_1_100' title='bbox 457 1303 739 1356; x_wconf 84' lang='lat' dir='ltr'>magistratus</span> <span class='ocrx_word' id='word_1_101' title='bbox 781 1303 987 1356; x_wconf 84' lang='lat' dir='ltr'>inirent),</span> <span class='ocrx_word' id='word_1_102' title='bbox 1047 1303 1101 1344; x_wconf 85' lang='lat' dir='ltr'>ad</span> <span class='ocrx_word' id='word_1_103' title='bbox 1153 1306 1352 1347; x_wconf 79' lang='lat' dir='ltr'>aerarium</span> <span class='ocrx_word' id='word_1_104' title='bbox 1399 1321 1558 1348; x_wconf 87' lang='lat' dir='ltr'>conve·</span> 
     </span>
     <span class='ocr_line' id='line_1_15' title="bbox 90 1388 262 1421; baseline -0.006 0"><span class='ocrx_word' id='word_1_105' title='bbox 90 1388 262 1421; x_wconf 85' lang='lat' dir='ltr'>nerunt.</span> 
     </span>
    </p>

    <p class='ocr_par' dir='ltr' id='par_1_3' title="bbox 89 1457 1562 2948">
     <span class='ocr_line' id='line_1_16' title="bbox 202 1457 1558 1518; baseline 0.004 -17"><span class='ocrx_word' id='word_1_106' title='bbox 202 1457 357 1515; x_wconf 76' lang='lat' dir='ltr'>Neque</span> <span class='ocrx_word' id='word_1_107' title='bbox 391 1473 500 1514; x_wconf 89' lang='lat' dir='ltr'>opus</span> <span class='ocrx_word' id='word_1_108' title='bbox 542 1474 639 1501; x_wconf 84' lang='lat' dir='ltr'>esse</span> <span class='ocrx_word' id='word_1_109' title='bbox 673 1459 764 1501; x_wconf 85' lang='lat' dir='ltr'>ullo</span> <span class='ocrx_word' id='word_1_110' title='bbox 801 1460 927 1502; x_wconf 87' lang='lat' dir='ltr'>modo</span> <span class='ocrx_word' id='word_1_111' title='bbox 963 1469 1096 1516; x_wconf 87' lang='lat' dir='ltr'>puto,</span> <span class='ocrx_word' id='word_1_112' title='bbox 1140 1476 1280 1518; x_wconf 87' lang='lat' dir='ltr'>neque</span> <span class='ocrx_word' id='word_1_113' title='bbox 1323 1462 1393 1505; x_wconf 88' lang='lat' dir='ltr'>hic</span> <span class='ocrx_word' id='word_1_114' title='bbox 1435 1464 1558 1507; x_wconf 83' lang='lat' dir='ltr'>locus</span> 
     </span>
     <span class='ocr_line' id='line_1_17' title="bbox 89 1538 1560 1600; baseline 0.005 -21"><span class='ocrx_word' id='word_1_115' title='bbox 89 1538 198 1590; x_wconf 85' lang='lat' dir='ltr'>fert,</span> <span class='ocrx_word' id='word_1_116' title='bbox 228 1553 369 1594; x_wconf 90' lang='lat' dir='ltr'>neque</span> <span class='ocrx_word' id='word_1_117' title='bbox 402 1538 675 1580; x_wconf 83' lang='lat' dir='ltr'>mehercules</span> <span class='ocrx_word' id='word_1_118' title='bbox 703 1538 756 1580; x_wconf 87' lang='lat' dir='ltr'>ab</span> <span class='ocrx_word' id='word_1_119' title='bbox 792 1541 937 1581; x_wconf 87' lang='lat' dir='ltr'>animo</span> <span class='ocrx_word' id='word_1_120' title='bbox 970 1555 1066 1581; x_wconf 85' lang='lat' dir='ltr'>meo</span> <span class='ocrx_word' id='word_1_121' title='bbox 1099 1543 1332 1597; x_wconf 87' lang='lat' dir='ltr'>impetrare</span> <span class='ocrx_word' id='word_1_122' title='bbox 1363 1559 1560 1600; x_wconf 89' lang='lat' dir='ltr'>possum,</span> 
     </span>
     <span class='ocr_line' id='line_1_18' title="bbox 90 1617 1560 1678; baseline 0.006 -20"><span class='ocrx_word' id='word_1_123' title='bbox 90 1626 138 1658; x_wconf 88' lang='lat' dir='ltr'>ut</span> <span class='ocrx_word' id='word_1_124' title='bbox 186 1617 333 1674; x_wconf 88' lang='lat' dir='ltr'>plures</span> <span class='ocrx_word' id='word_1_125' title='bbox 386 1617 635 1660; x_wconf 90' lang='lat' dir='ltr'>huiusmodi</span> <span class='ocrx_word' id='word_1_126' title='bbox 685 1619 1051 1674; x_wconf 85' lang='lat' dir='ltr'>reprehensiones</span> <span class='ocrx_word' id='word_1_127' title='bbox 1103 1621 1356 1678; x_wconf 80' lang='lat' dir='ltr'>singulatim</span> <span class='ocrx_word' id='word_1_128' title='bbox 1413 1639 1560 1678; x_wconf 86' lang='lat' dir='ltr'>perse-</span> 
     </span>
     <span class='ocr_line' id='line_1_19' title="bbox 95 1696 1559 1755; baseline 0.005 -18"><span class='ocrx_word' id='word_1_129' title='bbox 95 1711 218 1752; x_wconf 88' lang='lat' dir='ltr'>quar.</span> <span class='ocrx_word' id='word_1_130' title='bbox 289 1696 357 1740; x_wconf 78' lang='lat' dir='ltr'>Ne</span> <span class='ocrx_word' id='word_1_131' title='bbox 389 1697 479 1740; x_wconf 85' lang='lat' dir='ltr'>haec</span> <span class='ocrx_word' id='word_1_132' title='bbox 510 1699 683 1754; x_wconf 89' lang='lat' dir='ltr'>quidem</span> <span class='ocrx_word' id='word_1_133' title='bbox 716 1699 922 1755; x_wconf 82' lang='lat' dir='ltr'>exempla</span> <span class='ocrx_word' id='word_1_134' title='bbox 956 1709 1043 1740; x_wconf 87' lang='lat' dir='ltr'>tam</span> <span class='ocrx_word' id='word_1_135' title='bbox 1075 1700 1224 1742; x_wconf 84' lang='lat' dir='ltr'>multis</span> <span class='ocrx_word' id='word_1_136' title='bbox 1259 1702 1405 1743; x_wconf 80' lang='lat' dir='ltr'>verbis</span> <span class='ocrx_word' id='word_1_137' title='bbox 1443 1719 1559 1745; x_wconf 88' lang='lat' dir='ltr'>com-</span> 
     </span>
     <span class='ocr_line' id='line_1_20' title="bbox 91 1777 1559 1839; baseline 0.005 -22"><span class='ocrx_word' id='word_1_138' title='bbox 91 1789 433 1825; x_wconf 81' lang='lat' dir='ltr'>memorassem,</span> <span class='ocrx_word' id='word_1_139' title='bbox 481 1779 565 1819; x_wconf 87' lang='lat' dir='ltr'>nisi</span> <span class='ocrx_word' id='word_1_140' title='bbox 612 1778 809 1820; x_wconf 88' lang='lat' dir='ltr'>Orellius</span> <span class='ocrx_word' id='word_1_141' title='bbox 853 1779 922 1832; x_wconf 81' lang='lat' dir='ltr'>(ad</span> <span class='ocrx_word' id='word_1_142' title='bbox 966 1777 1096 1820; x_wconf 84' lang='lat' dir='ltr'>Catil.</span> <span class='ocrx_word' id='word_1_143' title='bbox 1138 1780 1204 1821; x_wconf 92' lang='lat' dir='ltr'>IV</span> <span class='ocrx_word' id='word_1_144' title='bbox 1249 1782 1342 1822; x_wconf 79' lang='lat' dir='ltr'>init,</span> <span class='ocrx_word' id='word_1_145' title='bbox 1389 1798 1428 1837; x_wconf 88' lang='lat' dir='ltr'>p.</span> <span class='ocrx_word' id='word_1_146' title='bbox 1458 1785 1559 1839; x_wconf 80' lang='lat'><strong>242)</strong></span> 
     </span>
     <span class='ocr_line' id='line_1_21' title="bbox 90 1859 1560 1916; baseline 0.006 -20"><span class='ocrx_word' id='word_1_147' title='bbox 90 1864 269 1911; x_wconf 88' lang='lat' dir='ltr'>questus</span> <span class='ocrx_word' id='word_1_148' title='bbox 321 1866 461 1909; x_wconf 85' lang='lat' dir='ltr'>esset,</span> <span class='ocrx_word' id='word_1_149' title='bbox 515 1859 628 1914; x_wconf 90' lang='lat' dir='ltr'>quod</span> <span class='ocrx_word' id='word_1_150' title='bbox 686 1874 769 1915; x_wconf 83' lang='lat' dir='ltr'>ego</span> <span class='ocrx_word' id='word_1_151' title='bbox 826 1868 956 1900; x_wconf 81' lang='lat' dir='ltr'>antea</span> <span class='ocrx_word' id='word_1_152' title='bbox 1000 1860 1284 1916; x_wconf 70' lang='lat' dir='ltr'>”argumenta</span> <span class='ocrx_word' id='word_1_153' title='bbox 1338 1862 1560 1915; x_wconf 84' lang='lat' dir='ltr'>historica,</span> 
     </span>
     <span class='ocr_line' id='line_1_22' title="bbox 90 1935 1561 1996; baseline 0.007 -21"><span class='ocrx_word' id='word_1_154' title='bbox 90 1949 184 1990; x_wconf 87' lang='lat' dir='ltr'>quae</span> <span class='ocrx_word' id='word_1_155' title='bbox 229 1935 420 1978; x_wconf 91' lang='lat' dir='ltr'>dilucide</span> <span class='ocrx_word' id='word_1_156' title='bbox 461 1952 512 1979; x_wconf 84' lang='lat' dir='ltr'>ac</span> <span class='ocrx_word' id='word_1_157' title='bbox 551 1936 773 1979; x_wconf 85' lang='lat' dir='ltr'>subtiliter</span> <span class='ocrx_word' id='word_1_158' title='bbox 813 1938 1059 1980; x_wconf 85' lang='lat' dir='ltr'>Ahrensius</span> <span class='ocrx_word' id='word_1_159' title='bbox 1102 1943 1430 1996; x_wconf 83' lang='lat' dir='ltr'>proposuisset,</span> <span class='ocrx_word' id='word_1_160' title='bbox 1476 1958 1561 1985; x_wconf 89' lang='lat' dir='ltr'>non</span> 
     </span>
     <span class='ocr_line' id='line_1_23' title="bbox 97 2015 1560 2078; baseline 0.006 -24"><span class='ocrx_word' id='word_1_161' title='bbox 97 2015 386 2070; x_wconf 87' lang='lat' dir='ltr'>attigissem.&#39;&#39;</span> <span class='ocrx_word' id='word_1_162' title='bbox 455 2015 688 2059; x_wconf 77' lang='lat' dir='ltr'>subtilitas</span> <span class='ocrx_word' id='word_1_163' title='bbox 729 2017 806 2059; x_wconf 88' lang='lat' dir='ltr'>illa</span> <span class='ocrx_word' id='word_1_164' title='bbox 841 2033 935 2074; x_wconf 82' lang='lat' dir='ltr'>quae</span> <span class='ocrx_word' id='word_1_165' title='bbox 977 2020 1056 2069; x_wconf 80' lang='lat' dir='ltr'>sit,</span> <span class='ocrx_word' id='word_1_166' title='bbox 1102 2021 1187 2061; x_wconf 83' lang='lat' dir='ltr'>iam</span> <span class='ocrx_word' id='word_1_167' title='bbox 1221 2036 1431 2076; x_wconf 85' lang='lat' dir='ltr'>apparere</span> <span class='ocrx_word' id='word_1_168' title='bbox 1466 2025 1560 2078; x_wconf 86' lang='lat' dir='ltr'>opi-</span> 
     </span>
     <span class='ocr_line' id='line_1_24' title="bbox 89 2092 1560 2154; baseline 0.006 -20"><span class='ocrx_word' id='word_1_169' title='bbox 89 2107 184 2135; x_wconf 87' lang='lat' dir='ltr'>nor.</span> <span class='ocrx_word' id='word_1_170' title='bbox 249 2092 319 2136; x_wconf 88' lang='lat' dir='ltr'>De</span> <span class='ocrx_word' id='word_1_171' title='bbox 355 2096 410 2136; x_wconf 87' lang='lat' dir='ltr'>iis</span> <span class='ocrx_word' id='word_1_172' title='bbox 445 2099 730 2152; x_wconf 82' lang='lat' dir='ltr'>argumentis,</span> <span class='ocrx_word' id='word_1_173' title='bbox 761 2112 854 2154; x_wconf 87' lang='lat' dir='ltr'>quae</span> <span class='ocrx_word' id='word_1_174' title='bbox 875 2112 934 2139; x_wconf 86' lang='lat' dir='ltr'>ex</span> <span class='ocrx_word' id='word_1_175' title='bbox 961 2107 1053 2138; x_wconf 88' lang='lat' dir='ltr'>arte</span> <span class='ocrx_word' id='word_1_176' title='bbox 1075 2108 1117 2139; x_wconf 85' lang='lat' dir='ltr'>et</span> <span class='ocrx_word' id='word_1_177' title='bbox 1139 2100 1347 2141; x_wconf 78' lang='lat' dir='ltr'>facultate</span> <span class='ocrx_word' id='word_1_178' title='bbox 1372 2104 1560 2144; x_wconf 86' lang='lat' dir='ltr'>oratoris</span> 
     </span>
     <span class='ocr_line' id='line_1_25' title="bbox 89 2172 1558 2229; baseline 0.005 -15"><span class='ocrx_word' id='word_1_179' title='bbox 89 2172 335 2215; x_wconf 84' lang='lat' dir='ltr'>desiderata</span> <span class='ocrx_word' id='word_1_180' title='bbox 364 2183 439 2216; x_wconf 87' lang='lat' dir='ltr'>aut</span> <span class='ocrx_word' id='word_1_181' title='bbox 463 2190 523 2217; x_wconf 85' lang='lat' dir='ltr'>ex</span> <span class='ocrx_word' id='word_1_182' title='bbox 555 2176 787 2218; x_wconf 88' lang='lat' dir='ltr'>verborum</span> <span class='ocrx_word' id='word_1_183' title='bbox 809 2192 887 2217; x_wconf 87' lang='lat' dir='ltr'>usu</span> <span class='ocrx_word' id='word_1_184' title='bbox 908 2177 1035 2218; x_wconf 80' lang='lat' dir='ltr'>ducta</span> <span class='ocrx_word' id='word_1_185' title='bbox 1053 2188 1167 2229; x_wconf 88' lang='lat' dir='ltr'>sunt,</span> <span class='ocrx_word' id='word_1_186' title='bbox 1202 2180 1310 2221; x_wconf 90' lang='lat' dir='ltr'>nihil</span> <span class='ocrx_word' id='word_1_187' title='bbox 1344 2190 1463 2222; x_wconf 90' lang='lat' dir='ltr'>muto</span> <span class='ocrx_word' id='word_1_188' title='bbox 1497 2196 1558 2222; x_wconf 79' lang='lat' dir='ltr'>ex</span> 
     </span>
     <span class='ocr_line' id='line_1_26' title="bbox 90 2253 1560 2317; baseline 0.007 -25"><span class='ocrx_word' id='word_1_189' title='bbox 90 2253 174 2301; x_wconf 89' lang='lat' dir='ltr'>iis,</span> <span class='ocrx_word' id='word_1_190' title='bbox 206 2267 301 2309; x_wconf 79' lang='lat' dir='ltr'>quae</span> <span class='ocrx_word' id='word_1_191' title='bbox 332 2255 376 2295; x_wconf 92' lang='lat' dir='ltr'>in</span> <span class='ocrx_word' id='word_1_192' title='bbox 408 2255 629 2311; x_wconf 87' lang='lat' dir='ltr'>opusculis</span> <span class='ocrx_word' id='word_1_193' title='bbox 649 2255 916 2314; x_wconf 86' lang='lat' dir='ltr'>[prioribus]</span> <span class='ocrx_word' id='word_1_194' title='bbox 936 2273 976 2313; x_wconf 88' lang='lat' dir='ltr'>p.</span> <span class='ocrx_word' id='word_1_195' title='bbox 1004 2260 1084 2299; x_wconf 83' lang='lat'>192</span> <span class='ocrx_word' id='word_1_196' title='bbox 1114 2259 1224 2300; x_wconf 79' lang='lat' dir='ltr'>dixi.</span> <span class='ocrx_word' id='word_1_197' title='bbox 1293 2260 1560 2317; x_wconf 84' lang='lat' dir='ltr'>Exemplum</span> 
     </span>
     <span class='ocr_line' id='line_1_27' title="bbox 89 2336 1562 2392; baseline 0.006 -20"><span class='ocrx_word' id='word_1_198' title='bbox 89 2345 225 2373; x_wconf 88' lang='lat' dir='ltr'>unum</span> <span class='ocrx_word' id='word_1_199' title='bbox 255 2347 413 2386; x_wconf 89' lang='lat' dir='ltr'>ponam</span> <span class='ocrx_word' id='word_1_200' title='bbox 449 2336 687 2387; x_wconf 88' lang='lat' dir='ltr'>eiusmodi,</span> <span class='ocrx_word' id='word_1_201' title='bbox 744 2337 857 2392; x_wconf 90' lang='lat' dir='ltr'>quod</span> <span class='ocrx_word' id='word_1_202' title='bbox 888 2336 1082 2378; x_wconf 88' lang='lat' dir='ltr'>levitatis</span> <span class='ocrx_word' id='word_1_203' title='bbox 1126 2348 1168 2379; x_wconf 89' lang='lat' dir='ltr'>et</span> <span class='ocrx_word' id='word_1_204' title='bbox 1208 2340 1392 2381; x_wconf 64' lang='lat' dir='ltr'>inscitiae</span> <span class='ocrx_word' id='word_1_205' title='bbox 1423 2341 1562 2381; x_wconf 83' lang='lat' dir='ltr'>foedi-</span> 
     </span>
     <span class='ocr_line' id='line_1_28' title="bbox 91 2411 1562 2470; baseline 0.005 -18"><span class='ocrx_word' id='word_1_206' title='bbox 91 2418 180 2452; x_wconf 84' lang='lat' dir='ltr'>tate</span> <span class='ocrx_word' id='word_1_207' title='bbox 240 2411 431 2468; x_wconf 89' lang='lat' dir='ltr'>aliquam</span> <span class='ocrx_word' id='word_1_208' title='bbox 482 2413 729 2455; x_wconf 87' lang='lat' dir='ltr'>deterrendi</span> <span class='ocrx_word' id='word_1_209' title='bbox 781 2416 870 2456; x_wconf 90' lang='lat' dir='ltr'>vim</span> <span class='ocrx_word' id='word_1_210' title='bbox 926 2414 1089 2457; x_wconf 81' lang='lat' dir='ltr'>habere</span> <span class='ocrx_word' id='word_1_211' title='bbox 1136 2419 1287 2470; x_wconf 87' lang='lat' dir='ltr'>possit.</span> <span class='ocrx_word' id='word_1_212' title='bbox 1386 2420 1433 2462; x_wconf 82' lang='lat' dir='ltr'>P.</span> <span class='ocrx_word' id='word_1_213' title='bbox 1477 2421 1562 2460; x_wconf 83' lang='lat'>209</span> 
     </span>
     <span class='ocr_line' id='line_1_29' title="bbox 90 2488 1562 2554; baseline 0.005 -23"><span class='ocrx_word' id='word_1_214' title='bbox 90 2488 341 2532; x_wconf 82' lang='lat' dir='ltr'>Ahrensius</span> <span class='ocrx_word' id='word_1_215' title='bbox 368 2491 535 2544; x_wconf 81' lang='lat' dir='ltr'>scribit,</span> <span class='ocrx_word' id='word_1_216' title='bbox 566 2493 641 2534; x_wconf 86' lang='lat' dir='ltr'>”se</span> <span class='ocrx_word' id='word_1_217' title='bbox 664 2492 785 2535; x_wconf 92' lang='lat' dir='ltr'>nulla</span> <span class='ocrx_word' id='word_1_218' title='bbox 814 2497 1077 2537; x_wconf 68' lang='lat' dir='ltr'>contumelia</span> <span class='ocrx_word' id='word_1_219' title='bbox 1105 2496 1264 2551; x_wconf 80' lang='lat' dir='ltr'>(voluit</span> <span class='ocrx_word' id='word_1_220' title='bbox 1289 2500 1506 2540; x_wconf 70' lang='lat' dir='ltr'>calumnia</span> <span class='ocrx_word' id='word_1_221' title='bbox 1519 2501 1536 2538; x_wconf 89' lang='lat'><strong><em>!</em></strong></span> <span class='ocrx_word' id='word_1_222' title='bbox 1539 2501 1562 2554; x_wconf 89' lang='lat'><strong><em>)</em></strong></span> 
     </span>
     <span class='ocr_line' id='line_1_30' title="bbox 91 2569 1561 2634; baseline 0.006 -23"><span class='ocrx_word' id='word_1_223' title='bbox 91 2569 328 2626; x_wconf 88' lang='lat' dir='ltr'>impulsum</span> <span class='ocrx_word' id='word_1_224' title='bbox 357 2571 591 2625; x_wconf 87' lang='lat' dir='ltr'>iudicasse,</span> <span class='ocrx_word' id='word_1_225' title='bbox 621 2572 835 2614; x_wconf 88' lang='lat' dir='ltr'>declarari</span> <span class='ocrx_word' id='word_1_226' title='bbox 868 2573 956 2615; x_wconf 88' lang='lat' dir='ltr'>alio</span> <span class='ocrx_word' id='word_1_227' title='bbox 988 2574 1102 2628; x_wconf 87' lang='lat' dir='ltr'>loco,</span> <span class='ocrx_word' id='word_1_228' title='bbox 1144 2578 1187 2618; x_wconf 87' lang='lat' dir='ltr'>in</span> <span class='ocrx_word' id='word_1_229' title='bbox 1226 2592 1328 2634; x_wconf 89' lang='lat' dir='ltr'>quo,</span> <span class='ocrx_word' id='word_1_230' title='bbox 1358 2579 1395 2619; x_wconf 92' lang='lat' dir='ltr'>si</span> <span class='ocrx_word' id='word_1_231' title='bbox 1426 2577 1561 2620; x_wconf 86' lang='lat' dir='ltr'>lenis-</span> 
     </span>
     <span class='ocr_line' id='line_1_31' title="bbox 92 2650 1561 2712; baseline 0.006 -22"><span class='ocrx_word' id='word_1_232' title='bbox 92 2650 202 2691; x_wconf 82' lang='lat' dir='ltr'>sime</span> <span class='ocrx_word' id='word_1_233' title='bbox 233 2658 436 2703; x_wconf 82' lang='lat' dir='ltr'>statuas,</span> <span class='ocrx_word' id='word_1_234' title='bbox 473 2661 678 2709; x_wconf 87' lang='lat' dir='ltr'>quattuor</span> <span class='ocrx_word' id='word_1_235' title='bbox 716 2654 942 2696; x_wconf 89' lang='lat' dir='ltr'>minimum</span> <span class='ocrx_word' id='word_1_236' title='bbox 984 2656 1092 2696; x_wconf 85' lang='lat' dir='ltr'>vitia</span> <span class='ocrx_word' id='word_1_237' title='bbox 1134 2658 1446 2712; x_wconf 77' lang='lat' dir='ltr'>reperiantur-&#39;⁵</span> <span class='ocrx_word' id='word_1_238' title='bbox 1517 2658 1561 2700; x_wconf 85' lang='lat' dir='ltr'>Is</span> 
     </span>
     <span class='ocr_line' id='line_1_32' title="bbox 91 2727 1559 2790; baseline 0.007 -20"><span class='ocrx_word' id='word_1_239' title='bbox 91 2727 214 2772; x_wconf 89' lang='lat' dir='ltr'>locus</span> <span class='ocrx_word' id='word_1_240' title='bbox 257 2739 324 2773; x_wconf 85' lang='lat' dir='ltr'>est</span> <span class='ocrx_word' id='word_1_241' title='bbox 365 2733 413 2773; x_wconf 89' lang='lat' dir='ltr'>in</span> <span class='ocrx_word' id='word_1_242' title='bbox 455 2735 478 2785; x_wconf 84' lang='lat'>§</span> <span class='ocrx_word' id='word_1_243' title='bbox 512 2734 567 2775; x_wconf 81' lang='lat'>13</span> <span class='ocrx_word' id='word_1_244' title='bbox 609 2734 656 2775; x_wconf 89' lang='lat' dir='ltr'>in</span> <span class='ocrx_word' id='word_1_245' title='bbox 701 2732 771 2775; x_wconf 93' lang='lat' dir='ltr'>his</span> <span class='ocrx_word' id='word_1_246' title='bbox 817 2734 988 2776; x_wconf 83' lang='lat' dir='ltr'>verbis:</span> <span class='ocrx_word' id='word_1_247' title='bbox 1061 2735 1334 2790; x_wconf 67' lang='lat' dir='ltr'>Vereamzm,</span> <span class='ocrx_word' id='word_1_248' title='bbox 1395 2752 1559 2790; x_wconf 75' lang='lat' dir='ltr'>censeo,</span> 
     </span>
     <span class='ocr_line' id='line_1_33' title="bbox 96 2808 1562 2874; baseline 0.008 -25"><span class='ocrx_word' id='word_1_249' title='bbox 96 2821 151 2849; x_wconf 78' lang='lat' dir='ltr'>ne</span> <span class='ocrx_word' id='word_1_250' title='bbox 179 2811 226 2850; x_wconf 75' lang='lat' dir='ltr'>in</span> <span class='ocrx_word' id='word_1_251' title='bbox 257 2808 341 2852; x_wconf 76' lang='lat' dir='ltr'>hoc</span> <span class='ocrx_word' id='word_1_252' title='bbox 367 2812 534 2854; x_wconf 72' lang='lat' dir='ltr'>scelere</span> <span class='ocrx_word' id='word_1_253' title='bbox 579 2818 667 2855; x_wconf 83' lang='lat' dir='ltr'>tam</span> <span class='ocrx_word' id='word_1_254' title='bbox 699 2816 882 2855; x_wconf 66' lang='lat' dir='ltr'>immani</span> <span class='ocrx_word' id='word_1_255' title='bbox 909 2828 963 2855; x_wconf 85' lang='lat' dir='ltr'>ac</span> <span class='ocrx_word' id='word_1_256' title='bbox 1005 2815 1199 2866; x_wconf 69' lang='lat' dir='ltr'>nefando</span> <span class='ocrx_word' id='word_1_257' title='bbox 1232 2822 1360 2860; x_wconf 75' lang='lat' dir='ltr'>nimis</span> <span class='ocrx_word' id='word_1_258' title='bbox 1389 2818 1562 2874; x_wconf 63' lang='lat' dir='ltr'>aliquid</span> 
     </span>
     <span class='ocr_line' id='line_1_34' title="bbox 96 2891 1559 2948; baseline 0.007 -19"><span class='ocrx_word' id='word_1_259' title='bbox 96 2891 292 2931; x_wconf 69' lang='lat' dir='ltr'>severim*</span> <span class='ocrx_word' id='word_1_260' title='bbox 332 2891 418 2943; x_wconf 77' lang='lat' dir='ltr'>(sic</span> <span class='ocrx_word' id='word_1_261' title='bbox 447 2892 564 2935; x_wconf 84' lang='lat' dir='ltr'>enim</span> <span class='ocrx_word' id='word_1_262' title='bbox 598 2891 769 2948; x_wconf 83' lang='lat' dir='ltr'>scribit)</span> <span class='ocrx_word' id='word_1_263' title='bbox 813 2898 1020 2938; x_wconf 74' lang='lat' dir='ltr'>statuisse</span> <span class='ocrx_word' id='word_1_264' title='bbox 1048 2896 1302 2947; x_wconf 73' lang='lat' dir='ltr'>videamini.</span> <span class='ocrx_word' id='word_1_265' title='bbox 1366 2897 1559 2941; x_wconf 88' lang='lat' dir='ltr'>Primum</span> 
     </span>
    </p>
   </div>
  </div>
 </body>
</html>
