1821 3309
1452 205 1520 254 63

118 348 327 390 infectum
361 357 451 399 est,
495 347 761 404 perfectum,
808 348 921 402 quod
954 349 1181 402 praeteriit.
1208 349 1237 401 ¹)
1297 347 1423 388 Hanc
1454 347 1588 401 igitur

118 436 364 482 temporum
396 426 734 481 descriptionem
764 427 825 466 ita
855 433 1100 475 teneamus,
1132 435 1179 466 ut
1208 440 1287 468 nec
1305 427 1452 467 onmia
1466 439 1588 481 aeque

119 506 367 546 necessaria
409 518 550 559 neque
596 518 672 559 per
716 517 763 544 se
799 517 940 559 neque
973 505 1015 543 in
1050 503 1253 544 omnibus
1286 503 1454 560 linguis
1489 518 1586 545 esse

117 585 306 625 sciamus
348 583 511 639 (potest
542 583 657 623 enim
696 582 785 623 alio
830 583 958 623 modo
1001 581 1144 624 eidem
1187 584 1248 624 rei
1281 597 1378 624 esse
1409 597 1588 638 prospe-

117 663 281 716 ctum),
317 671 360 703 et
392 663 433 702 in
467 660 657 717 singulis
690 661 856 715 linguis
888 676 983 703 eam
1020 663 1399 704 accommodemus
1435 663 1486 704 ad
1519 677 1586 712 ea,

117 754 212 796 quae
242 755 391 782 earum
423 741 511 781 sint
541 742 585 781 in
614 740 766 781 formis
798 738 1016 798 fingendis
1048 743 1238 797 propria.
1304 740 1420 782 Tum
1438 742 1483 782 in
1502 741 1589 782 for-

118 834 284 862 marum
320 835 400 861 usu
436 835 459 860 a
491 821 629 875 prima
660 820 832 875 origine
864 820 1103 876 repetendo
1125 821 1469 871 meminerimus,
1502 834 1587 860 non

120 899 173 940 ad
216 898 485 955 explicatam
527 885 569 939 εἰ
616 900 741 953 quasi
781 900 825 939 in
860 898 1008 940 tabula
1041 900 1298 954 dispositam
1332 900 1588 954 descriptio—

119 992 216 1019 nem
249 992 398 1018 earum
427 991 590 1027 rerum,
625 991 720 1032 quae
748 976 1050 1031 significandae
1076 986 1241 1028 essent,
1273 985 1391 1018 ortas
1410 985 1451 1016 et
1473 991 1588 1017 com-

119 1058 282 1112 positas
308 1069 404 1097 esse
436 1055 599 1096 formas
629 1057 954 1110 grammaticaS,
986 1056 1333 1111 cogitemusque‚
1373 1070 1501 1110 quam
1525 1056 1587 1095 fa-

118 1135 201 1176 cile
247 1135 442 1175 maxime
485 1148 571 1182 eae,
626 1148 721 1189 quae
755 1148 840 1174 non
874 1136 916 1174 in
951 1132 1195 1175 rationibus
1228 1136 1449 1190 primariis
1480 1135 1589 1175 indi-

118 1213 266 1254 candis
299 1214 452 1269 positae
485 1215 595 1264 sint,
652 1221 829 1267 propter
870 1215 1095 1254 notionum
1131 1215 1499 1270 propinquitatem
1536 1214 1588 1255 ad

117 1291 254 1344 alios,
297 1307 426 1348 quam
463 1292 621 1348 quibus
655 1292 884 1333 destinatae
920 1292 1108 1343 fuerint,
1151 1307 1255 1334 usus
1288 1293 1585 1334 traducantur.

239 1371 441 1414 Actionis
477 1372 659 1422 futurae,
700 1385 821 1426 qum,
863 1386 992 1427 quum
1026 1371 1157 1412 simul
1192 1380 1334 1413 mente
1369 1372 1587 1427 concipia-

121 1460 190 1491 tur
239 1451 425 1492 ulterius
465 1451 600 1490 futuri
648 1452 857 1506 temporis
898 1459 1191 1502 momentum,
1249 1451 1351 1491 hinc
1394 1459 1589 1505 spectata

121 1530 366 1585 praeterisse
400 1529 627 1578 videatur,
672 1550 725 1559 —
774 1531 1038 1584 praeteritam
1083 1531 1125 1570 in
1170 1530 1317 1570 futuro
1350 1529 1591 1585 appellant,

119 1630 170 1638 —
201 1608 332 1649 huius
362 1609 499 1664 igitur
533 1608 719 1648 actionis
752 1616 922 1662 tempus
954 1609 996 1647 in
1030 1611 1313 1663 grammatica
1332 1609 1491 1650 Latina
1523 1609 1590 1649 fu-

120 1698 263 1730 turum
300 1696 505 1728 exactum
539 1686 748 1735 dicimuS,
796 1687 977 1741 eiusque
1019 1686 1296 1742 significandi
1330 1697 1588 1743 potestatem

119 1774 246 1808 certae
280 1763 514 1806 verborum
549 1764 699 1805 format
728 1762 906 1805 habent.
935 1765 970 1816 ²)
1059 1766 1143 1807 Sed
1178 1781 1239 1807 eae
1273 1765 1408 1822 vulgo
1439 1780 1591 1807 omnes

142 1946 174 1988 ¹)
210 1942 398 1989 Exemplo
434 1942 508 1977 hoc
547 1942 634 1976 loco
670 1942 893 1983 ostendam,
936 1953 1047 1989 quam
1085 1941 1225 1977 inseite
1252 1945 1431 1978 nonnulli
1458 1944 1588 1978 liuius-

210 2004 313 2040 modi
339 2016 400 2039 res
429 2008 609 2044 tractent,
638 2003 754 2050 quod,
777 2016 894 2051 quum
916 2004 1211 2047 abstractarum,
1238 2018 1331 2051 quas
1348 2010 1499 2047 vocant,
1525 2018 1590 2041 no-

214 2066 361 2102 tionum
386 2065 585 2101 vocabulis
615 2065 725 2099 valde
751 2065 1007 2107 delectentur,
1034 2078 1096 2101 cas
1123 2071 1249 2101 tamon
1275 2067 1439 2102 firmiter
1463 2068 1590 2102 conci-

209 2126 344 2175 piendi
383 2133 422 2162 ct
453 2127 641 2162 tractandi
669 2132 751 2162 arte
776 2140 936 2174 prorsus
972 2133 1104 2163 carent
1129 2140 1225 2170 nec,
1265 2129 1407 2177 quibus
1446 2129 1590 2163 finibus

211 2189 484 2224 contineantur
509 2189 678 2223 rationes
705 2190 964 2238 notionesque
989 2191 1036 2225 ad
1068 2203 1281 2226 sermonem
1312 2196 1350 2226 ct
1375 2192 1590 2237 grammati-

211 2263 293 2286 cam
320 2251 587 2298 pertinentes,
624 2256 885 2290 constituunt.
934 2253 1028 2287 Nam
1055 2254 1114 2297 is,
1148 2254 1215 2300 qui
1240 2254 1343 2288 inter
1368 2253 1588 2288 recentissi-

211 2324 294 2349 mos
324 2313 591 2360 copiosissime
613 2312 660 2348 de
686 2315 930 2360 grammatica
951 2315 1084 2350 Latina
1112 2315 1296 2362 scripsit,
1327 2315 1367 2349 in
1392 2315 1494 2350 libro
1522 2326 1590 2349 suo

212 2377 234 2417 5
259 2378 306 2409 50
331 2388 366 2421 p.
399 2378 441 2410 91
471 2375 519 2409 ad
547 2374 648 2410 hanc
674 2387 914 2410 communem
941 2377 1260 2412 consuetudinem
1290 2378 1445 2423 posuit,
1486 2376 1589 2424 quod

211 2447 342 2470 omnes
369 2436 658 2481 intelligerent,
691 2449 887 2482 praesenS,
922 2439 1162 2484 perfectum,
1189 2439 1364 2473 futurum
1390 2450 1473 2473 esse
1499 2443 1589 2472 tem-

212 2508 305 2544 pora
332 2496 524 2535 absoluta,
551 2497 766 2544 simplicia,
793 2498 1061 2544 imperfectum
1087 2503 1234 2540 autem,
1258 2500 1589 2547 plusquamperfe-

214 2562 342 2599 ctum,
378 2558 552 2593 futurum
580 2564 753 2593 exactum
794 2558 979 2601 relativa,
1011 2560 1250 2607 composita3
1282 2561 1350 2596 scd
1375 2562 1414 2596 in
1441 2562 1591 2609 syntaxi

212 2621 235 2662 5
262 2622 352 2661 163,
392 2620 538 2654 oblitus
568 2621 627 2655 sui
652 2621 743 2664 (etsi
768 2621 851 2669 ipse
876 2620 923 2655 ad
950 2623 1029 2665 §50
1051 2621 1216 2657 lectores
1243 2623 1423 2667 remittit)
1452 2624 1589 2672 imper-

212 2680 357 2715 sectum
383 2683 495 2729 ponit
521 2682 624 2718 inter
651 2688 821 2730 tempora
847 2683 1035 2726 absoluta,
1054 2685 1270 2732 perfectuum
1294 2685 1397 2721 inter
1421 2685 1592 2726 relativa,

212 2754 292 2778 non
314 2743 447 2786 verbo,
471 2756 520 2779 nc
546 2745 633 2792 quis
659 2746 700 2779 in
727 2755 771 2780 eo
799 2749 967 2780 erratum
991 2751 1113 2794 putet,
1151 2746 1218 2781 sed
1244 2752 1323 2782 tota
1350 2746 1591 2783 tractatione.

215 2804 320 2847 Quid
343 2810 522 2851 putamus
548 2806 640 2842 huic
667 2807 888 2843 ahsolutum
915 2818 1012 2850 esse,
1039 2809 1133 2857 quid
1156 2809 1385 2844 relativum?

146 2866 180 2909 ²)
222 2865 294 2900 Est
328 2866 456 2914 aliqua
499 2867 538 2902 in
575 2868 658 2915 ipso
696 2868 851 2905 nomine
888 2869 1090 2906 dubitatio.
1151 2870 1280 2917 Vulgo
1318 2871 1419 2907 enim
1459 2882 1589 2906 omnes
