1821 3309
1383 195 1485 246 265

56 343 62 347 ”
92 334 257 389 proprii
292 333 394 375 boni
430 333 574 386 habet,
608 335 760 375 inanes
796 333 917 376 verbi
951 333 1215 376 substantivi
1247 335 1550 378 damnationes

91 411 263 468 aliaque
287 415 380 453 eius
403 415 579 468 generis
603 413 755 465 multa,
788 413 908 454 utilis
942 423 1086 455 tamen
1119 415 1171 455 ad
1203 416 1551 470 cognoscendum

94 501 348 546 apparatum
381 493 592 541 criticum,
625 506 752 546 quem
786 500 828 532 et
862 491 1034 547 plenius
1069 507 1197 547 quam
1232 495 1364 533 ceteri
1399 503 1554 548 praeter

95 568 396 610 Gernhardum
428 571 634 624 exposuit
662 578 703 609 et
731 571 858 610 auxit
885 571 1079 609 codicum
1108 569 1421 611 Dresdensium
1451 573 1555 612 scri-

93 648 246 701 pturis.
311 644 514 687 Ceteru‘m
549 661 688 702 neque
716 649 1100 703 grammaticorum
1131 655 1325 689 veterum
1360 651 1554 690 testimo-

95 726 166 765 nia
215 726 360 765 onmia
405 725 586 781 collegit
642 734 684 765 et
727 727 779 766 de
824 726 1010 767 aliorum
1060 725 1282 766 codicibus
1336 728 1553 768 interdum

95 802 207 843 falsa
237 796 427 855 tradidit,
454 803 673 845 Orellium
705 806 835 846 etiam
869 813 1085 845 errantem
1114 818 1316 860 sequenS‚
1345 805 1555 846 nonnulla

94 880 295 938 neglexit
324 880 373 936 ¹).
459 882 678 932 (Duorum
730 883 926 924 codicum
979 881 1389 924 vindobonensium
1451 884 1556 923 scri-

93 969 228 1016 pturae
259 961 516 1001 varietatem
546 960 751 1001 Klotzius
779 963 822 1001 in
853 960 1166 1016 supplementis
1190 960 1427 1002 Annalium
1455 960 1557 1001 Phi-

94 1039 384 1095 lologicoruin
422 1039 509 1080 vol.
546 1039 602 1079 11.
636 1040 742 1079 fasc.
780 1038 802 1080 1
838 1041 949 1093 typis
991 1037 1321 1079 describendam
1355 1040 1554 1091 curavit.)

94 1118 247 1173 ltaque
281 1131 375 1173 quae
408 1119 491 1157 iam
525 1117 728 1157 Klotzius
767 1125 883 1157 recte
920 1118 1103 1157 mutavit
1146 1125 1187 1156 et
1220 1125 1293 1157 aut
1327 1131 1556 1171 argumen-

94 1195 225 1238 tando
253 1204 326 1236 aut
357 1195 647 1251 ponderandis
673 1197 978 1236 auctoritatum
1011 1197 1241 1236 momentis
1268 1193 1558 1246 confirmavit,

95 1290 147 1317 ea
184 1273 238 1316 ab
270 1272 479 1315 hocloco
515 1273 766 1325 excludam,
795 1289 1054 1330 quamquam
1093 1283 1208 1324 sunt,
1252 1288 1345 1328 quae
1381 1288 1556 1315 accura-

95 1356 181 1394 tius
224 1351 354 1406 paulo
395 1354 643 1407 certiusque
685 1353 973 1393 demonstrari
1017 1354 1202 1408 possint.
1274 1350 1408 1393 Velut
1442 1352 1558 1404 (nam

95 1430 303 1486 exemplo
331 1443 416 1470 uno
449 1439 491 1469 et
521 1429 659 1470 altero
686 1431 862 1484 defungi
888 1431 997 1471 nihil
1030 1432 1165 1484 vetat)
1199 1432 1242 1471 in
1264 1429 1430 1471 Catone
1461 1429 1500 1482 ἓ.
1533 1431 1559 1468 4

96 1526 118 1552 e
151 1508 374 1551 codicibus
409 1510 585 1562 optimis
621 1511 838 1549 restituit:
883 1507 971 1557 (Zeti
1001 1512 1112 1549 em'm
1146 1513 1275 1549 cilius
1306 1508 1555 1549 adolescere·

94 1593 166 1630 12·ae
201 1591 400 1628 seneclus
443 1600 568 1641 quam
595 1591 801 1640 puerile’oe
841 1587 1142 1627 adolescentia
1185 1586 1386 1641 obrepe'l?
1427 1599 1558 1641 quum

96 1664 381 1708 Gernhardus
400 1674 441 1705 et
459 1664 655 1706 Orellius
680 1667 978 1719 scripsissent:
1007 1663 1124 1713 Quid
1141 1666 1283 1706 enlm?
1309 1668 1439 1704 citius
1463 1672 1559 1713 etc„

95 1744 304 1801 loquendi
333 1757 473 1799 genus
515 1758 600 1783 non
644 1744 750 1784 satis
784 1741 1074 1794 confirmavit,
1118 1744 1230 1797 quod
1261 1742 1357 1783 fieri
1391 1750 1561 1797 poterat

96 1824 359 1880 comparatis
392 1820 561 1862 duobus
584 1820 934 1862 Tusculanarum
970 1820 1095 1872 locis,
1129 1823 1172 1860 in
1204 1819 1317 1861 libro
1353 1819 1395 1861 V
1426 1822 1449 1870 ξ
1481 1822 1559 1861 89:

102 1901 192 1952 Qui
227 1901 401 1943 tandem
442 1904 521 1940 iste·
553 1900 846 1954 grandiloqui
883 1905 1035 1939 contra
1078 1898 1172 1939 hoec
1210 1899 1295 1939 dno
1330 1899 1483 1937 melius
1515 1911 1561 1938 se

79 1963 255 2022 'liabent
286 1977 397 2019 etc-2
428 1986 471 2017 et
501 1980 539 2028 ξ.
570 1979 676 2018 109:
723 1975 811 2023 Qua·
839 1980 951 2016 enlm
980 1976 1150 2016 beatior
1184 1975 1404 2029 Epicurus
1434 1988 1560 2030 quam

98 2057 383 2101 Metrodorus
401 2056 472 2108 2).2
509 2055 577 2097 Ad
621 2055 701 2096 hos
747 2054 912 2096 accedit
941 2053 1113 2094 Horatii
1151 2067 1304 2095 versus
1335 2067 1402 2109 ep.
1434 2052 1491 2104 II,
1518 2054 1559 2101 2,

127 2235 155 2276 ¹)
194 2232 238 2266 In
266 2242 343 2265 uno
379 2228 600 2263 huiusmodi
626 2229 712 2264 loeo
741 2228 949 2263 temerariae
976 2227 1199 2261 mutationis
1226 2225 1560 2274 reprehensionem

191 2305 210 2326 a
249 2303 330 2326 mea
365 2290 534 2325 editione
573 2290 815 2325 avertendam
851 2293 956 2336 puto.
1007 2289 1122 2332 Quod
1159 2289 1260 2323 enim
1299 2291 1320 2331 §
1346 2290 1403 2332 *84
1439 2287 1562 2322 edidi:

199 2354 463 2388 commorandi
495 2354 591 2386 enim
629 2358 774 2386 natm-n
809 2351 1061 2385 deversorium
1093 2351 1213 2389 dedit,
1250 2362 1324 2383 non
1349 2349 1563 2388 habitandi,

194 2414 261 2448 ubi
299 2414 345 2447 ab
372 2412 535 2452 Orellio‚
574 2412 734 2452 Ottone‚
760 2411 914 2445 Klotzio
952 2411 1097 2444 editum
1123 2415 1200 2444 est:
1234 2411 1352 2448 nobis,
1378 2421 1453 2442 mm
1479 2410 1560 2442 hab.

195 2475 313 2515 dedit,
351 2473 392 2507 id
427 2472 500 2507 feei
538 2484 652 2518 quum
680 2471 843 2505 aliorum
877 2471 1065 2504 librorum
1092 2470 1252 2514 vestigia
1281 2480 1458 2515 sequens,
1484 2473 1562 2502 tum

192 2535 458 2570 auctoritatem
498 2533 644 2567 codicis
680 2532 946 2571 Erfurtcnsis‚
988 2531 1034 2565 de
1070 2543 1145 2577 quo
1184 2529 1356 2565 Orellius
1395 2534 1432 2564 et
1468 2530 1561 2564 Otto

194 2601 344 2637 errant;
372 2595 488 2630 habet
514 2595 614 2629 enim
642 2605 753 2628 voces
781 2607 856 2628 non
889 2593 1102 2628 habitandi.

126 2663 160 2704 ²)
197 2658 324 2694 Etiam
361 2657 408 2691 de
446 2662 524 2692 nat.
560 2656 663 2691 deor.
701 2655 736 2689 ll
772 2658 793 2697 §
831 2658 852 2689 5
878 2666 964 2689 vere
991 2653 1213 2691 Lambinus,
1239 2652 1408 2687 offensus
1435 2653 1561 2687 eadem

193 2720 399 2755 insolentia
425 2717 626 2758 orationis,
667 2729 778 2764 quani
802 2718 842 2751 in
868 2716 970 2751 hunc
997 2715 1156 2749 Catonis
1183 2714 1311 2748 locum
1337 2712 1562 2748 intulerant.

196 2793 313 2829 quum
346 2786 434 2827 post
470 2781 562 2830 quid
596 2780 722 2814 enim?
763 2777 1025 2824 interrogandi
1061 2775 1290 2823 particulam
1316 2773 1561 2810 desideraret.

195 2842 437 2879 scribendum
462 2842 634 2889 putavit:
662 2841 741 2885 Qui
765 2841 859 2877 enim
886 2845 941 2875 est
968 2841 1033 2874 hoc
1057 2839 1121 2874 ileo
1148 2837 1388 2874 evidentius?
