1821 3309
268 190 366 241 360

198 338 293 374 sim.
379 329 472 380 Quo
517 334 614 372 iure
655 328 763 370 milei
808 330 1049 383 Polyaenus
1092 329 1301 383 reliquit,
1334 328 1505 384 proetor
1544 328 1667 371 dedit

193 414 521 468 possessionem.
579 409 888 465 Respondetur
922 423 1018 450 cum
1049 409 1332 450 refutatione.

355 544 407 593 C.
480 541 782 591 Coniecturae
819 541 879 589 de
911 541 1032 589 loeis
1069 541 1254 608 aliquot
1287 540 1419 589 Livii
1440 541 1498 604 Ι).

311 667 411 710 Lib.
449 667 588 717 XXI,
623 669 690 708 10.
749 666 800 708 In
842 667 1056 716 oratione,
1100 680 1185 721 qua
1225 665 1386 706 Hanno
1435 663 1668 722 Carthagi-

200 749 420 790 niensium
452 756 652 789 senatum
694 763 719 789 a
750 745 870 788 bello
902 746 1169 787 deterruisse
1204 754 1247 786 et
1281 745 1334 786 ad
1365 743 1664 788 Hannibalem

198 829 411 871 Romanis
443 828 685 869 dedendum
720 827 980 868 exhortatus
1012 840 1110 867 esse
1144 826 1343 876 traditur,
1375 824 1467 866 haec
1497 825 1550 867 de
1581 827 1669 882 pri·
1731 818 1742 831 '

201 925 276 951 ore
310 908 431 951 bello
463 923 559 950 cum
595 908 806 950 Romanis
838 916 964 963 gesto
1000 907 1146 962 posita
1177 914 1297 947 sunt:
1327 904 1426 946 Nec
1455 919 1569 961 puer
1597 905 1670 947 ln‘c

201 991 297 1031 dax
327 995 440 1041 erat,
480 989 558 1030 sed
589 994 724 1044 paler
767 991 860 1043 ipse
889 986 1139 1037 Hamilcar,
1180 985 1313 1027 fllars
1347 986 1477 1037 alter,
1511 991 1562 1028 ut
1593 989 1675 1027 isti

201 1070 379 1118 volum,-
412 1069 490 1110 sed
514 1074 618 1109 tunc
655 1069 849 1111 Tarento
878 1073 1008 1122 alque
1036 1066 1179 1108 Italia
1207 1079 1293 1106 non
1322 1064 1672 1108 abstinueramus

202 1162 263 1190 ex
281 1148 490 1199 foedere,
531 1151 648 1189 sicut*
686 1161 802 1188 nanc
837 1146 1039 1202 Sagunto
1075 1161 1159 1188 non
1195 1147 1472 1187 abstinemus.
1545 1146 1670 1189 Vice-

201 1234 305 1271 rnnt
332 1242 435 1284 ergo
465 1227 535 1268 dic*
560 1226 849 1281 hominesque,
880 1232 935 1277 et,
967 1227 1020 1267 id
1049 1227 1102 1268 de
1133 1240 1215 1282 qno
1242 1225 1387 1268 verbis
1418 1225 1669 1282 ambigeba-

201 1315 298 1359 tur,
342 1313 440 1349 aler
475 1307 662 1361 popalus
685 1304 856 1355 foedas
900 1309 1115 1359 rupisset,
1158 1311 1338 1347 eventus
1381 1304 1507 1357 belle,
1550 1306 1674 1348 velut

202 1401 350 1443 oeqaas
388 1386 542 1437 index,
583 1385 700 1426 ande
742 1388 811 1426 ins
851 1384 1011 1437 stabat,
1064 1388 1110 1426 ei
1146 1388 1376 1426 victorium
1420 1385 1556 1427 dedit.
1619 1384 1672 1428 In

201 1468 287 1520 his,
313 1475 602 1523 praeterquam
632 1465 747 1521 quod
777 1464 995 1507 obiectum
1023 1463 1147 1507 verbi
1174 1469 1378 1507 vicerant
1402 1466 1508 1508 dure
1537 1468 1671 1508 omis-

203 1563 298 1590 sum
324 1556 405 1600 est,
431 1561 516 1588 non
542 1560 769 1602 assequor,
792 1545 892 1602 quid
915 1545 992 1586 illa
1013 1545 1081 1586 ‹Ie'z'
1099 1544 1376 1600 hominesque
1397 1544 1676 1602 significent;

204 1628 314 1671 alibi
353 1629 470 1669 enim
515 1626 608 1667 haec
653 1627 885 1667 coniuncta
928 1625 1121 1667 indicant
1162 1640 1324 1682 magno
1365 1640 1580 1669 consensu
1615 1628 1671 1670 ab

205 1707 408 1751 omnibus
457 1706 624 1762 aliquid
659 1714 802 1746 actum
835 1719 947 1755 esse,
984 1707 1052 1746 cui
1086 1704 1403 1762 significationi
1445 1706 1517 1749 hic
1550 1707 1674 1751 locus

205 1804 293 1831 non
337 1796 417 1829 est.
483 1786 700 1842 Argutius
742 1784 906 1841 aliquid
952 1784 1021 1826 hic
1065 1800 1091 1826 a
1133 1785 1264 1826 Livio
1308 1788 1516 1842 scriptum
1560 1803 1673 1843 esse,

204 1869 336 1925 plane
365 1867 473 1910 mihi
500 1866 762 1923 persuadeo,
793 1874 835 1906 et
866 1865 1186 1920 frequentatam
1216 1865 1350 1907 Livio
1384 1865 1563 1909 illorum
1595 1883 1673 1911 vo-

206 1948 462 1992 cabulorum
498 1946 822 2003 copulationem
867 1960 892 1986 a
933 1944 1114 1986 librario
1154 1946 1199 1986 in
1241 1945 1384 1987 locum
1423 1962 1510 1990 non
1544 1963 1673 1993 suum

205 2029 392 2071 illatam.
451 2026 684 2084 Significat
726 2028 842 2067 enim
883 2035 1043 2077 orator,
1074 2025 1248 2067 Poenos
1277 2027 1551 2084 foedifragos
1585 2044 1675 2072 non

207 2121 296 2152 tam
338 2118 489 2151 contra
532 2107 754 2149 Romanos
788 2105 952 2146 bellum
986 2104 1097 2146 illud
1138 2107 1331 2161 gessisse
1363 2121 1491 2161 quam
1523 2117 1676 2150 contra

207 2192 313 2233 deos
340 2188 566 2231 foederum
597 2185 788 2234 ultores3
819 2186 966 2240 itaque
995 2183 1273 2226 scribendum
1304 2185 1506 2228 videtur:
1548 2187 1673 2230 Vice-

207 2277 314 2313 rant
341 2282 443 2323 ergo
478 2268 545 2308 da·
574 2265 780 2317 homines,
811 2270 855 2306 et
887 2273 970 2305 etc.

322 2347 422 2390 Lib.
457 2345 626 2398 XXII,
677 2348 746 2387 38.
810 2344 928 2386 Nam
971 2345 1032 2386 ad
1070 2357 1163 2385 eam
1207 2343 1320 2384 diem
1361 2343 1480 2387 nihil
1507 2352 1677 2401 proeter

209 2433 527 2473 sacramentam
547 2425 726 2477 fuerat,
761 2431 818 2477 et,
851 2424 928 2467 nbi
958 2425 1018 2466 ad
1042 2425 1314 2466 decuriatum
1342 2429 1422 2465 ant
1451 2428 1675 2468 centuria-

209 2518 297 2554 tum
330 2511 644 2559 convenissent,
675 2521 755 2548 sua
788 2506 1015 2547 voluntate
1043 2508 1133 2560 ipsi
1159 2508 1277 2546 inter
1319 2518 1365 2546 se
1395 2508 1562 2559 equites
1600 2504 1676 2547 de-

212 2593 390 2639 curiati,
435 2590 675 2629 centuriata·
705 2586 881 2642 pedites
921 2584 1225 2635 coniurabant,
1269 2598 1364 2626 sese
1390 2583 1515 2640 f'ngoe
1544 2589 1677 2639 atque

199 2669 466 2721 formidinis
497 2681 600 2722 ergo
635 2680 721 2708 non
751 2665 961 2717 abituros,
1006 2670 1089 2706 ele.
1163 2663 1450 2707 substantiva
1479 2670 1565 2706 ista
1598 2663 1673 2706 de-

246 2838 275 2876 1)
311 2834 367 2869 Ex
396 2831 574 2867 Seebodii
603 2832 736 2867 Tabul.
771 2832 876 2867 Novo
903 2831 1128 2879 Philologiae
1161 2844 1189 2867 a.
1218 2834 1308 2868 1829
1333 2843 1369 2866 n.
1396 2832 1450 2865 32.
1512 2828 1674 2877 Seriptae

307 2909 339 2933 a.
367 2898 456 2929 1827
483 2901 547 2930 aut
576 2897 691 2939 1828]
