1821 3309
284 149 352 198 38

219 292 271 332 de
315 289 460 330 animo
506 281 947 339 Carthaginiensibus
1001 280 1176 328 dedito,
1241 295 1372 337 quum
1417 281 1584 322 dicatur
1622 279 1677 321 de

219 369 464 408 Poenorum
495 363 713 404 communi
753 359 980 402 voluntate
1012 368 1056 400 et
1085 359 1304 415 cogitandi
1341 359 1524 400 ratione.
1582 358 1679 399 Jam

219 445 390 486 codices
419 441 541 492 boni,
573 440 676 483 mali
723 437 912 494 (PABE,
943 438 1067 480 Oxx.
1095 438 1197 489 duo,
1228 435 1374 490 Barb.,
1408 435 1575 489 Guelf.)
1604 435 1682 478 ha-

221 523 326 566 bent
362 524 462 577 qui,
512 519 627 576 quod
667 519 895 575 perspicue
940 525 1106 558 rectum
1137 525 1228 565 est3
1270 517 1347 557 sed
1389 514 1522 557 simul
1561 522 1682 571 patet

221 600 443 643 excidisse
476 612 652 648 vocem,
697 610 794 652 quae,
829 596 979 637 hostes
1024 593 1310 650 significaret.
1387 593 1496 649 (cfr.
1526 593 1579 636 ad
1614 594 1683 644 14,

221 682 278 722 32
307 679 360 719 de
388 691 496 718 voce
528 681 755 730 exceptum
766 690 780 723 ,·
825 674 940 716 infra
970 675 1048 724 20,
1081 675 1138 714 46
1170 688 1262 715 vox
1292 673 1542 715 necessaria
1571 686 1683 714 eum-

223 770 293 798 ma
323 755 551 797 exciderat
581 755 624 794 in
657 753 804 794 codice
835 752 1099 806 archetypo,
1133 766 1171 792 c.
1202 752 1273 802 20,
1303 752 1358 792 51
1404 751 1601 804 donavit,
1640 759 1688 792 ut

225 833 490 890 intelligitur
520 831 763 884 ePAE)1).
822 829 1050 871 Passivam
1083 828 1267 870 formam
1300 828 1577 879 inferrentur
1610 842 1688 871 co-

227 915 346 956 dices
386 911 488 954 boni
530 919 573 951 et
613 910 877 950 deteriorum
917 907 1050 964 longe
1091 906 1240 963 plures
1273 914 1452 948 servant
1481 906 1583 960 (etsi
1613 906 1690 948 ha·

229 993 330 1035 bent
353 989 604 1041 ferrentur,
638 987 769 1027 etiam
802 985 920 1040 AB),
951 995 999 1027 ut
1030 986 1218 1026 fortasse
1249 993 1348 1039 post
1377 983 1501 1026 nobis
1531 999 1688 1026 nomen

231 1080 274 1112 et
317 1069 548 1126 praeposito
592 1065 852 1106 exciderint.
925 1063 1097 1105 Deinde
1133 1064 1299 1104 editur:
1343 1067 1438 1117 ipse
1475 1062 1692 1105 Hercules

229 1151 448 1195 itinerum,
466 1145 723 1201 pronomine
742 1144 900 1184 vitiose
914 1142 1181 1184 redundante
1195 1149 1236 1182 et
1254 1140 1546 1196 aequalitatem
1559 1155 1694 1183 mem·

232 1226 405 1267 brorum
439 1222 666 1271 turbante3
697 1237 847 1263 verum
880 1222 1018 1262 tertiae
1049 1219 1228 1261 familiae
1263 1220 1434 1261 codices
1468 1219 1538 1272 (E,
1567 1219 1694 1261 Oxx.

234 1303 273 1344 T
307 1311 350 1343 et
378 1316 425 1358 χ.
468 1302 536 1342 ed.
573 1302 699 1354 1472)
732 1299 918 1341 habent:
961 1299 1177 1340 Hercules·
1207 1302 1436 1349 itinerum,
1471 1297 1570 1339 Par.
1601 1312 1695 1340 cor-

234 1388 385 1436 rupte,
427 1380 501 1420 sed
552 1388 598 1419 ut
640 1380 752 1420 idem
793 1377 974 1419 subesse
1009 1384 1241 1433 appareat:
1287 1376 1502 1418 Hercules
1530 1379 1625 1430 ipse
1654 1390 1696 1419 u.

235 1473 325 1500 rum
358 1457 470 1511 (sic).
530 1456 594 1505 [In
626 1456 720 1507 AB,
750 1457 788 1496 si
819 1466 936 1497 recte
969 1456 1222 1496 adnotatum
1255 1462 1338 1503 est,
1369 1454 1452 1494 fuit
1481 1454 1698 1496 Hercules

236 1542 328 1592 ipse
358 1540 589 1584 itinerum,
632 1532 973 1588 interpolatione
1008 1541 1102 1573 orta
1133 1547 1156 1573 e
1192 1532 1348 1573 mendo
1378 1532 1539 1574 codicis
1578 1532 1700 1576 Pari-

236 1616 428 1661 siensis.]

350 1692 570 1747 Insignior
601 1689 847 1732 emendatio
881 1688 1126 1730 adhibenda
1158 1697 1224 1729 est
1254 1687 1402 1729 verbis
1435 1689 1505 1739 iis,
1544 1686 1702 1743 quibus

241 1769 394 1811 Cicero
417 1785 451 1811 c.
471 1771 539 1818 18,
569 1770 621 1808 41
640 1766 884 1817 confirmat,
919 1765 1155 1820 hospitium
1176 1764 1418 1805 Gaditanos
1444 1779 1540 1806 cum
1559 1763 1702 1807 Balbo

241 1846 415 1904 publice
458 1846 635 1887 fecisse.
715 1843 952 1886 Scribitur:
995 1843 1225 1893 Proferam
1266 1848 1420 1893 testes,
1475 1841 1702 1898 proferam

241 1927 435 1980 legulos:
469 1922 673 1964 excitabo
697 1923 966 1971 laudatores,
1003 1935 1108 1978 quoe
1141 1921 1200 1962 ad
1227 1920 1308 1962 hoc
1333 1920 1560 1972 iudicium,
1592 1934 1705 1962 mm·

242 2018 329 2045 mos
359 2003 550 2044 homines
583 2016 637 2042 ac
669 2000 985 2052 nobilissimae,
1023 1999 1328 2054 deprecatores
1355 1998 1486 2040 huius
1512 1999 1710 2054 periculi

243 2086 393 2124 wn'ssos
434 2081 607 2122 ve'delc‘s.
677 2080 869 2121 Foedam
905 2091 1008 2119 vero
1044 2077 1272 2118 maculam.
1348 2076 1460 2127 Quis
1491 2078 1605 2118 enim
1643 2085 1707 2118 te·

244 2169 332 2201 stes
364 2166 406 2199 et
436 2157 608 2214 legatos
637 2157 841 2212 proferre
871 2171 918 2198 se
949 2156 1088 2205 dixit,
1135 2164 1341 2211 tanquam
1383 2152 1586 2195 manibus
1631 2169 1707 2211 ge·

246 2245 395 2288 staret,
423 2251 553 2292 quum
578 2235 877 2290 produceret?
918 2233 1032 2275 Nam
1063 2232 1233 2288 reliqua
1274 2234 1574 2289 praetermitto,
1605 2246 1710 2274 ver-

248 2314 350 2356 bum
389 2315 457 2356 bis
498 2316 688 2371 positum
718 2312 925 2368 illepide,
974 2320 1109 2353 testes
1148 2326 1173 2351 a
1204 2309 1388 2367 legatis,
1435 2312 1510 2366 qui
1555 2311 1709 2366 optimi

247 2402 370 2435 erant
387 2402 536 2444 testes,
553 2393 773 2434 seiunctos
791 2393 931 2445 iisque
945 2391 1218 2445 praepositos,
1235 2404 1259 2430 a
1276 2387 1437 2443 legatis
1454 2397 1600 2430 autem
1614 2387 1710 2430 lau-

248 2472 421 2513 datores
440 2479 680 2527 separatos‚
710 2471 780 2525 qui
801 2482 905 2509 sane
924 2468 1052 2508 iidem
1075 2476 1211 2507 erant.
1266 2466 1357 2507 Iam
1375 2467 1545 2509 codices
1563 2467 1710 2509 videa-

251 2563 362 2599 mus,
400 2564 421 2590 e
457 2549 612 2604 quibus
633 2546 784 2590 PABE
818 2548 932 2601 (uam
968 2545 1182 2587 Gruterus
1215 2545 1267 2586 de
1288 2546 1379 2585 suis
1412 2552 1541 2596 tacet,
1576 2545 1711 2584 ceteri

286 2713 313 2753 ¹)
353 2709 426 2742 Pro
465 2708 607 2743 Scauro
651 2714 774 2744 tamen
819 2711 838 2750 ἓ
870 2712 912 2743 42
949 2709 1084 2743 Cicero
1123 2708 1269 2743 Poenos
1307 2718 1325 2739 a
1365 2703 1624 2740 Phoenicibus
1656 2703 1710 2738 di-

347 2769 518 2813 stinguit.
