1821 3309
304 203 373 250 vl

237 347 390 383 veniret.
449 343 509 379 13ae
543 343 637 380 enim
679 347 762 379 sunt
804 344 873 379 viri
920 343 1114 379 clarissimi
1160 343 1380 380 eruditionis
1425 346 1459 378 et
1491 343 1686 388 elegantiae

237 423 376 469 laudes⁷
421 434 466 459 eo
509 434 564 458 me
602 422 730 458 iudicii
764 422 1030 469 verborumque
1074 422 1214 458 bonore
1254 424 1472 469 prosecutus
1505 425 1574 467 est,
1607 431 1685 456 eam

237 503 324 538 mihi
354 501 646 538 benevolentiam
680 512 718 537 re
761 505 797 536 et
840 501 947 536 sactis
990 501 1174 548 praestitit,
1215 504 1252 536 ut
1284 504 1411 537 contra
1441 511 1522 536 eum
1553 499 1686 546 saepius

236 581 483 627 disputaturus
503 580 581 616 sine
609 580 717 616 animi
743 580 909 616 molestia
943 590 1015 615 non
1048 579 1203 625 fuerim,
1233 590 1276 614 ac
1299 582 1432 625 tamen,
1459 589 1504 614 ne
1531 577 1685 614 diversae

235 659 304 694 viae
337 669 379 693 ac
409 657 572 694 rationes
602 657 881 702 confundantur,
912 657 1140 693 dissimulare
1172 668 1244 693 non
1284 667 1431 704 possum
1462 666 1581 702 neque
1616 654 1686 690 de-

234 737 320 783 beo,
351 737 536 783 aliquanto
558 736 642 781 alia,
673 740 781 782 atque
811 736 945 771 Bakius
972 737 1033 771 hic
1063 740 1098 772 et
1122 736 1158 771 in
1187 735 1361 771 scholicis
1392 733 1685 782 hypomnematis

235 827 320 850 usus
355 819 423 860 est,
455 815 608 850 formula
643 814 841 860 regendam
872 814 960 849 mihi
1003 818 1116 849 artem
1150 814 1315 849 criticam
1359 813 1478 849 videri
1511 823 1618 859 quum
1648 811 1686 846 in

237 893 374 930 mendis
407 893 653 939 coarguendis
699 897 734 928 et
775 892 1020 928 correctionis
1052 892 1272 928 necessitate
1302 890 1583 927 demonstranda
1611 893 1686 925 tum

234 973 271 1008 in
314 971 577 1007 emendationis
618 971 864 1017 exquisitione
897 970 990 1006 intra
1030 973 1152 1006 certos
1183 971 1271 1005 fines
1304 968 1472 1006 codicum
1512 967 1685 1014 vestigiis

234 1052 448 1087 terminatos
473 1048 693 1095 cohibenda,
725 1053 912 1096 postremo
944 1048 980 1083 in
1004 1048 1103 1084 veris
1128 1049 1228 1084 firma
1254 1059 1299 1084 ac
1331 1051 1432 1083 certa
1462 1051 1548 1083 nota
1579 1057 1686 1083 com·-

235 1129 518 1178 prehendendIS.
582 1128 661 1163 Non
692 1127 847 1163 libenter
875 1127 953 1162 haec
986 1127 1094 1172 dico,
1135 1126 1200 1167 sed
1233 1127 1370 1162 criticae
1399 1124 1687 1173 non-supersti-

235 1209 342 1244 tiosae
387 1218 532 1243 causam
572 1207 658 1242 mihi
697 1206 875 1252 agendam
921 1206 1080 1252 sumpsi3
1124 1206 1212 1241 nihil
1243 1216 1391 1253 possum
1424 1204 1500 1252 pati
1533 1203 1685 1249 adiungi

237 1288 270 1323 ei
312 1298 444 1332 causae,
487 1286 524 1321 in
564 1296 634 1331 quo
674 1284 824 1320 libertas
866 1284 924 1319 vel
967 1284 1151 1320 minimum
1192 1284 1238 1320 ad
1281 1283 1465 1320 licentiam
1505 1282 1686 1318 inclinare

234 1365 414 1402 videatur.

343 1443 486 1479 Voeum
518 1441 792 1477 scribendarum
824 1441 1003 1477 rationem
1036 1441 1071 1476 in
1104 1421 1176 1478 hoc
1206 1441 1390 1478 volumine
1420 1439 1571 1476 eandem
1602 1449 1685 1474 esse

233 1522 334 1559 volui
367 1526 474 1568 atque
505 1520 540 1555 in
571 1520 787 1566 superiore3
828 1519 969 1567 (itaque
1000 1520 1108 1555 eliam
1141 1520 1323 1566 scri-ptus
1352 1522 1389 1554 et
1418 1519 1548 1554 similia
1571 1517 1685 1563 tenui,

232 1613 312 1648 quae
342 1601 421 1648 ipse
455 1598 727 1646 reprehendog)
758 1599 795 1633 in
830 1610 875 1634 eo
910 1599 1114 1634 constantia
1148 1610 1219 1634 non
1249 1608 1393 1645 semper
1423 1601 1569 1634 servata
1602 1600 1685 1644 θεῖς

233 1691 313 1715 nam
348 1683 383 1714 et
413 1677 602 1713 adscendo
648 1681 684 1712 et
723 1677 845 1713 verius
889 1676 1050 1712 ascendo
1093 1677 1268 1722 scriptum
1299 1680 1354 1711 est
1383 1680 1420 1711 et
1450 1676 1602 1722 diiunqo
1639 1674 1686 1711 ad

233 1758 474 1804 antiquiorem
506 1766 665 1791 normam
697 1755 1103 1801 pronuntiationemque
1138 1757 1173 1789 et
1201 1753 1371 1799 disiunqo
1405 1755 1529 1800 (quam
1564 1754 1685 1790 ratio-

232 1847 313 1872 nem
345 1835 381 1870 in
412 1834 598 1869 adiectivo
631 1833 876 1868 ‹Ia'siunctivus
907 1832 1072 1878 effugere
1109 1843 1181 1867 non
1211 1842 1416 1878 possumus,
1447 1831 1616 1879 quoniam
1646 1830 1710 1870 id,

233 1926 276 1950 ea
323 1913 463 1949 demum
505 1916 610 1947 {elate
655 1916 775 1946 nalum
818 1916 885 1957 est,
929 1922 1035 1957 quum
1083 1910 1254 1956 disiunqo
1303 1910 1421 1946 solum
1462 1908 1686 1958 dicebatur).

231 1993 317 2029 Haec
348 1990 571 2027 excusabunt
601 1990 797 2035 benevoli,
829 1993 866 2024 ut
895 2000 939 2024 ne
970 1989 1190 2036 improbent,
1224 2000 1296 2025 non
1327 1992 1428 2036 peto.

345 2071 532 2117 Superest,
575 2073 625 2115 ut,
670 2068 752 2104 dum
798 2068 899 2113 licet,
940 2067 978 2103 in
1020 2069 1147 2115 paucis
1187 2068 1280 2103 locis
1320 2066 1458 2114 aliquid
1500 2065 1685 2112 corrigam

233 2151 421 2187 addamve.

344 2229 379 2264 P.
411 2228 463 2262 83
493 2238 530 2262 v.
559 2226 596 2262 5.
655 2225 791 2260 Eadem
834 2225 949 2261 forma
991 2224 1177 2260 Lucretius
1220 2223 1286 2268 111,
1331 2224 1411 2260 928
1452 2223 1571 2261 dixit:
1603 2224 1685 2260 lam

229 2309 346 2357 faerit
371 2286 434 2354 (es
464 2305 559 2342 wird
587 2304 672 2340 bald
702 2304 820 2339 sehon
854 2314 1028 2349 gewesen
1058 2314 1160 2349 seyn,
1191 2303 1332 2348 vorbey
1365 2303 1486 2348 seyn).

345 2387 381 2423 P.
411 2386 463 2421 96
492 2397 525 2421 v.
550 2385 587 2420 9.
646 2383 836 2419 Ciceronis
867 2383 969 2418 locus
998 2381 1044 2417 de
1074 2392 1151 2429 rep.
1185 2383 1221 2428 1,
1253 2383 1318 2427 13,
1348 2382 1402 2418 20
1433 2391 1505 2416 non
1535 2380 1582 2416 ad
1611 2380 1683 2416 hoc

231 2468 378 2504 tertium
419 2475 534 2511 genus
579 2462 793 2498 referendus
838 2465 929 2506 erat,
972 2460 1036 2496 sed
1080 2459 1125 2495 ad
1157 2460 1353 2495 secundnm
1397 2459 1451 2508 (p.
1482 2460 1578 2504 95);
1609 2458 1684 2494 hoc

232 2549 326 2584 enim
358 2545 479 2581 Philus
511 2543 614 2588 dicit,
648 2546 810 2590 paratam
843 2545 879 2576 et
908 2551 987 2586 quae
1021 2540 1142 2576 statim
1173 2539 1253 2575 sieri
1289 2538 1419 2585 possit,
1450 2547 1526 2572 rem
1558 2536 1680 2581 signi-

232 2629 368 2663 ficans:
411 2623 458 2658 Es
489 2621 557 2656 soll
589 2620 645 2655 dir
676 2631 766 2665 geru
802 2619 1015 2654 iiberlassen
1042 2629 1142 2663 seyn.

343 2704 378 2739 P.
412 2701 488 2737 108
520 2711 554 2735 v.
584 2700 620 2734 9.
684 2698 723 2733 ln
767 2697 957 2733 Ciceronis
996 2697 1082 2733 loco
1112 2696 1315 2744 perfectum
1355 2692 1556 2740 superioris
1585 2696 1679 2728 tem-

233 2785 335 2834 poris
376 2777 686 2826 significationem
725 2776 873 2821 habere,
916 2776 1100 2823 Zumptius
1147 2778 1248 2811 recte
1291 2773 1453 2810 adnotat.
1511 2772 1681 2809 Occurrit

233 2866 379 2907 Cicero,
412 2860 440 2895 si
473 2857 552 2904 quis
587 2856 682 2892 sorte
713 2854 783 2891 iam
816 2855 1010 2891 admiratus
1043 2856 1099 2892 sit.
