1821 3309
286 191 386 241 300

214 334 358 378 studio
401 330 606 374 meliores
637 329 809 372 codices
838 329 1051 386 sequendi
1085 337 1128 369 et
1161 329 1379 370 communi
1414 328 1683 383 professione

214 428 300 455 non
340 426 476 467 parva
517 418 663 451 tamen
703 410 817 450 inter
861 423 929 449 me
964 417 1006 450 et
1037 422 1217 459 eorum,
1270 422 1379 463 quos
1410 409 1684 458 enumeravi,

213 493 428 535 editorum
462 490 694 546 plerosque
725 489 919 528 nascitur
960 488 1198 537 dissensio,
1247 486 1363 541 quod
1411 500 1518 542 ego,
1567 485 1685 526 codi-

213 585 310 614 cum
355 569 618 610 testimoniis
661 567 830 607 ratione
873 566 1123 620 ponderatis
1175 566 1243 619 (eo
1287 565 1441 616 modo,
1505 578 1589 619 quo
1637 563 1683 603 in

210 650 468 706 praetatione
515 645 740 686 Ciceronis
783 644 994 685 librorum
1028 645 1080 685 de
1112 642 1274 684 finibus
1306 659 1330 685 a
1365 658 1433 684 me
1467 642 1684 683 editorum

212 728 444 784 exposui),
480 740 632 766 verum
663 724 804 765 libere
835 724 1150 779 exquirendum
1186 732 1313 779 puto,
1356 722 1424 763 illi
1462 736 1545 762 non
1581 719 1684 761 reli-

210 811 352 865 giose,
385 807 460 846 sed
492 805 795 860 superstitiose
827 803 998 843 codices
1030 803 1152 857 sequi
1186 801 1292 843 mihi
1321 802 1539 851 videntur,
1570 798 1684 840 alius

211 887 380 929 scilicet
410 885 497 925 alio
529 884 684 938 magis.
762 880 874 922 Nam
909 896 1039 937 quum
1068 881 1338 922 intellectum
1372 888 1512 930 esset,
1553 893 1683 933 supe-

209 969 348 1008 riores
391 963 618 1005 Ciceronis
662 960 875 1001 librorum
923 975 1054 1016 quum
1098 969 1341 1001 ceterorum
1385 968 1473 999 tum
1522 958 1684 999 oratio·

210 1059 313 1085 num
359 1043 547 1084 editores
588 1055 729 1095 neque
773 1041 879 1080 satis
923 1039 1159 1094 diligenter
1199 1037 1420 1079 codicibus
1454 1051 1556 1077 usos
1587 1050 1685 1078 esse

209 1137 350 1178 neque
400 1119 606 1162 meliores
657 1133 682 1159 a
734 1118 1024 1158 deterioribus
1080 1132 1334 1173 separasse,
1407 1117 1680 1157 coniecturas

211 1203 343 1241 etiam
380 1198 615 1239 nonnullos
647 1206 811 1237 temere
843 1205 1017 1236 secutos
1053 1210 1174 1246 esse,
1217 1209 1436 1251 quumque
1467 1207 1680 1250 apparere

212 1280 452 1333 coepisset,
508 1285 668 1330 quanto
701 1276 846 1315 verior
882 1273 1125 1328 meliorque
1156 1275 1294 1314 forma
1327 1273 1553 1314 Ciceronis
1584 1287 1682 1314 ver-

207 1356 275 1397 bis
307 1357 567 1411 optimorum
602 1353 797 1393 codicum
830 1366 911 1391 usu
944 1354 1112 1392 restitui
1144 1361 1315 1407 posset,
1360 1366 1474 1392 nunc
1504 1351 1679 1407 qnidam

207 1432 292 1474 sibi
333 1447 418 1473 non
466 1431 673 1472 adhibitis
714 1429 899 1470 testibus
944 1440 987 1470 et
1027 1430 1244 1470 historicae
1290 1431 1543 1485 quaestionis
1587 1438 1683 1470 arte

205 1512 301 1553 veri
349 1511 738 1566 investigationem
784 1524 1028 1564 proponere
1077 1509 1306 1559 videntur,
1362 1509 1439 1550 sed
1482 1510 1678 1564 ipsorum

205 1605 283 1646 per
326 1603 372 1630 se
415 1590 611 1630 codicum
651 1589 952 1629 defensionem
998 1597 1073 1628 aut
1118 1590 1308 1629 omnium
1352 1597 1427 1628 aut
1459 1596 1677 1628 certorum

206 1683 519 1724 usquequaque
551 1677 594 1708 et
626 1669 743 1708 omni
778 1665 963 1707 artificio
999 1681 1118 1722 paene
1150 1668 1202 1708 ad
1236 1667 1552 1708 causidicorum
1584 1679 1677 1706 mo-

204 1746 305 1787 dum
337 1747 631 1802 peragendam
664 1761 851 1787 sumere.
916 1745 998 1797 Ita,
1030 1746 1129 1786 dum
1162 1745 1396 1786 clientibus
1426 1746 1517 1786 suis
1547 1745 1677 1786 nimis

204 1824 383 1875 favent,
436 1840 544 1879 quos
588 1834 733 1866 tamen
769 1839 885 1879 soepe
921 1825 1050 1864 tacite
1085 1825 1286 1865 deserere
1317 1832 1556 1878 coguntur,
1600 1837 1676 1863 ne-

204 1917 286 1958 que
318 1904 633 1944 sententiarum
665 1905 935 1944 necessarias
965 1904 1126 1943 formas
1160 1903 1576 1957 progressionesque
1603 1900 1678 1941 ad·

204 1981 380 2021 modum
426 1990 578 2022 curant
619 1991 662 2022 et
707 1982 758 2022 de
791 1981 1024 2022 verborum
1057 1995 1137 2021 usu
1171 1980 1389 2035 rebusque
1422 1980 1677 2036 grammati-

203 2060 265 2099 cis
305 2068 394 2099 tum
444 2060 591 2100 subita
635 2060 809 2101 decreta
852 2069 894 2099 et
936 2060 1227 2099 incertissima
1276 2060 1528 2114 proferunt,
1583 2067 1675 2099 tum

205 2144 306 2176 nota
340 2145 381 2176 et
414 2139 658 2178 certissima
694 2137 952 2191 negligunt,
1007 2151 1088 2176 nec
1124 2137 1163 2176 id
1197 2138 1257 2176 ita
1286 2137 1476 2186 faciunt,
1519 2144 1566 2175 ut
1597 2150 1674 2177 na-

203 2212 357 2256 turalis
404 2213 685 2269 negligentiae
728 2223 771 2254 et
811 2214 999 2255 licentiae
1042 2212 1152 2253 fines
1196 2223 1320 2254 caute
1364 2221 1544 2269 regant,
1596 2214 1674 2255 sed

199 2299 247 2331 ut
295 2293 499 2346 scriptori
558 2306 804 2333 sermonem
857 2294 1004 2334 nescio
1064 2306 1245 2347 quarum
1298 2291 1673 2347 significationum

203 2382 362 2420 causa,
423 2384 529 2425 quas
571 2384 698 2410 nemo
741 2370 1047 2412 intellecturus
1091 2379 1208 2420 erat,
1281 2370 1482 2412 omnibus
1533 2372 1673 2413 modis

201 2454 405 2502 torquere
450 2447 628 2489 licuisse
675 2457 883 2490 statuant.
960 2448 1106 2503 Atque
1139 2451 1182 2489 in
1216 2449 1298 2490 hac
1329 2451 1475 2491 omnia
1508 2449 1675 2491 intelli-

199 2525 332 2578 gendi
375 2525 723 2581 defendendique
766 2536 859 2568 arte
898 2542 983 2568 non
1013 2529 1070 2568 ita
1103 2526 1271 2568 difficili
1304 2528 1505 2569 nonnulli
1537 2530 1670 2570 etiam

198 2602 362 2641 iactant
403 2616 450 2642 se
491 2603 771 2645 insolentius.
849 2605 1002 2660 Itaque
1037 2605 1105 2645 his
1136 2607 1261 2646 annis
1293 2608 1513 2647 orationes
1547 2604 1671 2646 Cice-

197 2679 318 2718 ronis
359 2687 406 2718 ut
449 2680 597 2721 multis
640 2681 766 2723 bonis
803 2685 1009 2738 verisque
1048 2684 1243 2724 codicum
1275 2685 1501 2739 scripturis
1530 2697 1669 2738 expo-

197 2754 288 2796 litae
330 2764 430 2796 sunt
470 2758 602 2812 (quod
645 2767 790 2800 tamen
826 2763 871 2802 in
913 2761 981 2802 his
1020 2761 1247 2802 duodecim
1280 2759 1578 2811 orationibus,
1629 2761 1668 2801 si

199 2831 483 2878 Catilinarias
530 2834 679 2893 aliqua
712 2850 771 2880 ex
804 2846 928 2894 parte
959 2839 1158 2894 excipio,
1199 2839 1287 2881 iam
1319 2846 1420 2881 ante
1447 2852 1474 2880 a
1503 2852 1572 2881 me
1602 2837 1668 2879 fa·
