1867 3324
423 872 1118 943 PRAEFATIO.

44 1165 176 1236 Octo
220 1196 302 1230 suut
348 1195 456 1242 anni,
499 1206 545 1231 ex
589 1206 661 1242 quo
701 1194 961 1242 opusculorum
1005 1194 1304 1231 academicorum
1332 1192 1504 1230 volumen

43 1275 164 1321 edidi,
197 1276 405 1312 confectum
436 1287 482 1312 ex
512 1276 557 1312 iis
592 1277 752 1321 libellis,
798 1287 889 1322 quos
932 1276 978 1313 ad
1022 1276 1060 1313 id
1093 1281 1234 1324 tempus
1266 1276 1302 1312 in
1336 1275 1503 1311 coetibus

43 1354 288 1391 sollemnibus
326 1356 505 1403 festisque
536 1356 735 1392 acadeniiae
758 1360 893 1391 nostrae
926 1356 1130 1391 indicendis
1148 1356 1383 1403 scripseram,
1411 1353 1505 1388 dua-

40 1432 181 1479 busque
211 1433 544 1481 disputationibus,
593 1446 672 1482 quae
717 1435 792 1470 illis
825 1439 978 1481 propter
1009 1435 1211 1480 argumenti
1244 1433 1505 1479 cognationem

42 1510 129 1547 addi
172 1513 364 1549 commode
405 1525 516 1561 posse
559 1514 788 1550 videbantur.
870 1512 912 1548 Ei
942 1514 1117 1549 volumini
1151 1514 1223 1549 hoc
1265 1516 1301 1547 et
1345 1509 1503 1546 nominis

42 1591 298 1626 communione
343 1595 380 1627 et
421 1591 642 1638 reliquarum
687 1602 805 1626 rerum
847 1592 1087 1627 similitudine
1132 1591 1355 1636 adiungitur.
1415 1587 1503 1624 Nam

41 1668 148 1706 liuius
182 1680 328 1716 quoque
369 1670 480 1715 longe
514 1670 688 1706 maiorem
728 1674 867 1716 partem
909 1671 1058 1716 explent
1088 1672 1384 1716 programmata,
1425 1677 1505 1713 quae

41 1750 126 1794 post
165 1745 254 1783 illud
298 1751 440 1795 tempus
481 1747 608 1784 Latino
647 1759 817 1783 sermone
860 1748 983 1794 edidi3
1026 1748 1124 1794 quod
1169 1746 1357 1782 scribendi
1387 1756 1503 1791 genus

39 1826 196 1873 posthac
236 1837 321 1863 raro
362 1827 565 1872 attingam,
620 1827 791 1873 quoniam
836 1827 886 1862 ita
926 1837 1018 1862 nunc
1061 1826 1157 1873 apud
1198 1837 1264 1862 nos
1300 1824 1503 1860 institutum

40 1907 110 1951 est,
154 1909 192 1941 ut
228 1909 264 1941 et
305 1905 483 1953 pauciora
525 1906 674 1941 omniuo
719 1909 993 1952 programmata
1038 1906 1248 1940 emittantur
1285 1908 1324 1941 et
1354 1914 1396 1939 ea
1425 1903 1504 1938 fere

40 1982 85 2019 ab
123 1983 290 2019 omnibus
331 1985 606 2032 professoribus
651 1994 717 2031 pei·
756 1984 882 2020 orbem
923 1984 1155 2030 scribantur3
1199 1987 1235 2019 et
1278 1983 1309 2018 si
1356 1981 1503 2028 quando

39 2061 127 2097 mihi
164 2066 269 2098 extra
313 2063 479 2099 ordinem
523 2062 560 2098 id
604 2074 730 2098 munus
769 2063 967 2108 obveniet,
1005 2063 1138 2110 saepius
1179 2062 1300 2110 patrio
1334 2071 1504 2097 sermone

38 2140 210 2176 utendum
243 2142 327 2187 erit,
358 2141 456 2188 quod
487 2141 557 2176 iam
588 2141 644 2176 bis
678 2141 763 2176 feci.
831 2141 1115 2187 l'rogrammatis
1150 2141 1275 2177 addidi
1308 2139 1504 2188 praefatio-

39 2230 104 2255 nes
141 2219 254 2266 duas,
297 2220 333 2256 in
364 2220 535 2256 similium
567 2231 685 2256 rerum
714 2221 916 2266 quaestione
948 2225 984 2255 et
1006 2219 1257 2267 explicatione
1280 2219 1436 2266 positas,
1467 2220 1506 2253 et

37 2299 205 2334 analecta
246 2299 410 2345 quaedam
456 2299 611 2336 minora.
679 2299 904 2344 Argumenta
936 2299 1035 2344 item,
1069 2303 1106 2334 ut
1141 2299 1178 2334 in
1210 2298 1404 2345 superiore
1438 2297 1505 2333 illo

39 2377 247 2423 volumine,
281 2388 302 2413 e
332 2377 503 2414 Romanis
536 2377 644 2414 rebus
675 2377 882 2423 litterisque
913 2377 1057 2413 delecta
1089 2381 1183 2422 sunt,
1213 2376 1351 2413 Graecae
1387 2376 1505 2423 copiae

40 2453 307 2501 suavitatisque
348 2456 439 2492 nihil
479 2456 678 2491 admixtum
713 2455 869 2499 liabent,
922 2456 1020 2502 quod
1051 2455 1170 2491 adhuc
1203 2454 1402 2491 academiae
1431 2464 1504 2490 no-

39 2537 125 2569 strae
155 2544 234 2569 mos
266 2533 303 2568 in
338 2533 410 2569 illis
442 2533 533 2569 solis
564 2533 711 2569 scholas
744 2544 849 2568 meas
875 2534 1075 2579 continuit,
1107 2544 1127 2569 e
1161 2533 1290 2581 quibus
1325 2533 1404 2568 fere
1434 2532 1506 2568 hu·-

37 2612 199 2649 iusmodi
240 2611 357 2648 libelli
401 2617 621 2658 nascuntur3
665 2613 820 2660 posthac
851 2623 961 2659 spero
994 2623 1051 2648 me
1101 2623 1173 2648 non
1213 2612 1334 2648 tacitis
1366 2615 1505 2647 tantum

39 2691 170 2727 studiis
203 2691 411 2728 uberiorem
439 2691 666 2738 antiquitatis
691 2695 830 2738 partem
866 2692 1044 2727 culturum
1077 2702 1169 2727 esse.
1247 2690 1320 2726 Sed
1352 2690 1389 2726 in
1425 2690 1505 2739 ipsa

43 2769 167 2806 Latina
199 2769 415 2817 philologiae
448 2773 552 2817 parte
581 2769 631 2806 ita
667 2766 826 2814 cecidit,
872 2773 910 2805 ut
941 2780 1010 2805 una
1040 2773 1178 2805 tantum
1205 2769 1311 2805 liuius
1344 2768 1506 2805 volumi-
1561 2811 1565 2817 1

41 2848 97 2885 nis
135 2848 335 2897 disputatio
377 2859 423 2885 ex
453 2849 701 2885 institutorum
734 2848 976 2886 Romanorum
1007 2848 1259 2896 explicatione
1289 2847 1505 2884 desumere-
