1821 3309
219 215 315 267 126

144 359 376 414 originem
410 361 558 395 autem
592 352 727 393 totius
761 349 893 393 huius
923 351 1101 408 generis
1137 350 1350 406 quaerenti
1381 347 1492 391 nihil
1525 364 1626 406 pro-

143 436 335 480 habilius
369 433 574 484 occurrit,
606 446 737 488 quam
771 445 900 472 omne
933 429 1206 487 profluxisse
1238 444 1298 471 ex
1333 429 1415 471 illa
1447 429 1628 471 vetandi

143 526 188 560 et
228 529 350 573 paene
393 512 588 555 minandi
631 509 975 567 significatione,
1019 511 1144 552 cuius
1185 510 1493 566 antiquissima
1526 517 1629 550 sunt

145 593 380 651 exempla3
416 607 467 634 ea
497 590 727 647 spectabat
759 592 811 632 ad
844 593 906 632 rei
941 589 1282 641 absolutionem,
1315 603 1410 645 quae
1447 587 1626 630 vetaba-

145 686 239 726 tur,
296 686 383 714 non
432 671 639 713 voluntas
684 673 778 727 ipsa
813 685 891 726 per
923 684 985 712 se.
1045 668 1201 711 Simile
1250 677 1317 709 est
1362 669 1500 724 igitur
1542 667 1624 709 hoc

145 751 467 812 quodammodo
511 752 623 799 eins,
655 750 768 805 qnod
802 763 934 804 supra
969 748 1021 789 de
1064 746 1286 788 infinitivo
1317 748 1495 802 passivo
1530 755 1630 802 post

145 835 260 876 idem
297 828 480 873 verbum
507 829 654 883 (velle)
674 837 717 868 et
749 836 847 883 post
875 833 1086 881 ea-'pelere
1103 828 1248 882 posito
1273 826 1528 867 adnotatum
1547 834 1628 867 est.

147 913 239 956 Iam
271 921 406 969 patet,
450 923 580 966 quam
621 908 842 948 incuriose
887 905 1124 948 Walehius
1165 907 1209 947 in
1247 904 1630 947 emendationibus

146 991 347 1034 Livi-anis
380 1005 420 1045 p.
451 991 508 1030 50
540 1001 644 1028 usus
678 988 733 1027 sit
766 1001 832 1037 οο,
867 987 981 1041 quod
1015 984 1201 1027 barbare
1233 987 1443 1041 seriptum
1480 993 1632 1026 exstat

146 1074 191 1114 in
225 1071 346 1112 Livii
380 1066 649 1110 editionibus
681 1064 864 1116 XXIV,
899 1067 975 1106 18:
1005 1069 1082 1120 qm·
1106 1071 1210 1120 post
1248 1064 1517 1105 Cannensem
1546 1077 1628 1119 pu-

143 1166 277 1208 gnam
293 1147 601 1204 rempublicam
617 1145 861 1185 deseruisse
876 1143 909 1185 I
906 1145 1105 1200 [aliaque
1120 1148 1359 1185 excessisse
1381 1144 1494 1184 velle
1511 1143 1630 1184 dcce-

152 1231 338 1278 hauteu-,-
370 1231 413 1270 in
437 1241 521 1284 quo
549 1233 762 1281 praeterea
782 1238 867 1264 non
886 1224 1071 1264 attendit
1101 1224 1152 1265 ad
1181 1223 1494 1265 soloecismum
1521 1237 1628 1278 prae-

148 1311 286 1352 sentis
310 1309 423 1350 velle
448 1321 526 1360 pro
550 1305 770 1361 praeterito
798 1304 1001 1343 «coluisse.
1036 1303 1122 1344 Sed
1145 1302 1277 1344 verba
1293 1302 1410 1344 haec:
1435 1316 1630 1358 pugnam

149 1414 204 1421 —
240 1390 484 1431 e.z·cesse‘sse
531 1387 573 1425 in
621 1382 744 1424 nullo
785 1382 933 1422 codice
978 1380 1065 1422 fide
1110 1382 1244 1438 digno
1290 1392 1465 1438 reperta
1499 1391 1628 1423 sunt:

149 1469 331 1526 pessimi
378 1465 581 1507 lacunam
626 1464 784 1519 pai-tim
830 1461 912 1502 hoc
960 1461 1085 1501 modo
1123 1460 1436 1517 expleverunt,
1472 1463 1632 1514 pai-tim

150 1548 280 1591 aliter
311 1556 352 1589 et
381 1545 677 1603 granunaticae
701 1540 1209 1595 convenientiustfugoe
1238 1542 1466 1582 consillum
1498 1539 1633 1582 Imbu—

149 1632 236 1670 isse
255 1626 515 1669 dicebantur
535 1632 634 1665 aut:
673 1626 870 1677 agitasse
900 1621 954 1662 de
978 1621 1122 1662 Italia
1154 1620 1397 1662 deserenda
1419 1620 1505 1661 dcc.
1537 1628 1633 1661 aut:

152 1707 336 1749 Italiam
374 1706 576 1747 deserere
608 1703 800 1743 voluisse
833 1701 921 1741 de'c.
991 1700 1107 1742 Usus
1141 1709 1206 1741 est
1242 1709 1386 1741 autem
1422 1699 1504 1741 hoc
1534 1698 1632 1741 loco

152 1795 194 1828 et
228 1785 359 1827 sinml
391 1784 496 1835 alio,
543 1784 585 1823 in
621 1796 706 1837 quo
750 1788 816 1821 est
858 1785 1073 1833 eatpelmet
1100 1783 1272 1834 perisse
1305 1781 1375 1834 (de
1411 1794 1495 1835 quo
1532 1787 1633 1820 ante

152 1866 294 1919 dixi),
347 1873 437 1905 tum
485 1861 652 1910 Ovidii,
695 1861 738 1900 in
785 1874 869 1915 quo
915 1867 981 1899 est
1028 1860 1198 1914 poetica
1244 1859 1397 1898 aoristi
1442 1859 1632 1899 imitatio

152 1947 434 2001 (quamquam
471 1951 562 1982 tum
597 1939 834 1982 VValchius
869 1953 922 1979 ne
961 1937 1076 1978 huno
1109 1938 1301 1993 quidem,
1337 1938 1410 1992 qui
1446 1945 1527 1987 est,
1561 1951 1635 1978 ao-

151 2026 304 2067 ristun)
344 2023 491 2064 vocari
525 2019 738 2072 volebat),
767 2019 818 2059 ad
853 2017 1174 2058 defendendum
1202 2016 1347 2058 locum
1382 2025 1634 2072 corruptum

151 2105 196 2145 in
228 2102 424 2143 eiusdem
455 2100 576 2141 Livii
618 2097 697 2138 lib.
737 2097 778 2138 11
823 2112 859 2138 c.
903 2099 983 2137 24:
1041 2110 1121 2137 nec
1146 2110 1291 2150 posse,
1325 2110 1450 2149 quum
1492 2094 1636 2137 hostes

148 2195 287 2237 prope
329 2180 390 2221 ud
428 2183 582 2233 portas
620 2181 776 2225 essent,
811 2174 923 2215 bello
947 2177 1225 2228 praeverte'sse
1255 2173 1504 2229 quidquam,
1537 2187 1632 2225 nec,

153 2263 196 2302 si
234 2263 295 2300 sit
339 2259 590 2299 laxamenti
634 2253 821 2309 alequid,
866 2258 943 2293 unc
979 2251 1107 2306 plebe·
1146 2251 1369 2292 honestum
1408 2267 1514 2303 esse,
1547 2257 1637 2294 πίει·

155 2338 352 2381 mercede
384 2340 581 2390 accepta,
615 2347 737 2379 arma
762 2346 844 2387 pro
869 2335 1026 2387 patria
1059 2344 1145 2372 non
1179 2335 1359 2386 cepisse,
1390 2344 1530 2388 neque
1553 2345 1633 2386 pa-

248 2532 391 2571 volemt,
412 2528 638 2563 committere
656 2538 735 2565 vos,
757 2539 822 2561 cur
845 2525 1027 2571 pereatis,
1051 2536 1126 2558 non
1147 2524 1364 2570 patiuntur,
1387 2523 1634 2558 manifestum

249 2591 429 2626 mendum
465 2589 593 2623 habet.
643 2588 738 2622 Nam
776 2587 809 2622 si
843 2598 1000 2634 parcere
1021 2586 1184 2621 Romani
1210 2585 1407 2626 volebant,
1431 2597 1511 2619 non
1534 2585 1633 2631 peri-

251 2652 329 2686 turi
354 2652 486 2686 Achaei
515 2655 634 2687 erant.
686 2650 770 2685 Hoc
797 2649 895 2683 dicit
919 2649 1152 2690 Aristaenus,
1179 2647 1372 2682 Romanos
1410 2657 1452 2680 ea
1478 2646 1560 2692 ipsa
1586 2644 1634 2680 de

251 2724 377 2753 causa,
415 2713 515 2760 quia,
554 2712 586 2747 si
612 2712 707 2759 quid
732 2711 918 2746 delictum
945 2710 1078 2752 fuerit,
1105 2709 1274 2756 graviter
1298 2707 1533 2743 vindicaturi
1561 2719 1633 2742 nec

250 2775 400 2809 veniam
437 2774 565 2808 daturi
603 2774 695 2815 siut,
729 2773 816 2807 ideo
854 2777 942 2806 ante
980 2771 1165 2806 delictum
1202 2781 1382 2812 monere,
1417 2782 1466 2805 ne
1498 2769 1631 2805 Aehaei

253 2836 489 2884 delinquant.
548 2836 683 2882 ltaque
712 2835 960 2869 scribendum
989 2838 1060 2876 est,
1098 2838 1143 2868 ut
1169 2832 1357 2868 infinitivi
1391 2837 1540 2880 tempus
1567 2843 1631 2879 po-

253 2898 391 2934 stulat:
424 2898 525 2945 Quia
548 2899 762 2944 pepercisse
790 2898 923 2932 nolunt
949 2895 1019 2932 &a
