1821 3309
1451 167 1547 218 321

156 319 202 352 ut
229 310 310 352 hoc
339 310 578 352 diceretur:
619 308 765 351 weder
810 321 935 350 wenn
978 309 1042 349 sie
1084 322 1130 349 es
1173 309 1450 363 wiinschten,
1501 316 1615 355 wiir-

152 390 236 431 ‹len
279 391 344 431 sie
390 404 438 431 es
483 388 690 437 konnen,
738 386 875 436 noch,
920 402 1046 429 wenn
1085 389 1149 429 sie
1190 402 1237 430 es
1277 390 1614 440 nutem-sibinen,

152 469 331 511 wiirden
375 470 440 509 sie
481 482 528 508 es
564 467 762 507 konnen!
811 465 938 515 Quod
983 481 1114 522 quum
1156 468 1251 523 ipse
1293 473 1476 512 sentiret
1519 473 1612 513 ine-

152 557 273 604 ptum
306 562 421 597 esse,
461 547 690 602 potestatis
720 545 804 585 duo
847 560 1010 600 genera
1044 545 1163 597 fecit,
1197 548 1363 590 morale
1395 559 1437 590 et
1467 549 1613 606 physi-

151 641 264 678 cum,
313 641 450 682 eaque
491 640 517 666 a
547 623 759 665 Cicerone
803 623 1044 681 significari
1079 625 1187 666 vult.
1254 626 1378 668 Belle
1422 643 1525 671 vero
1559 645 1612 672 ea

149 704 452 763 significantur
484 704 565 746 hac
589 704 885 761 geminatione
908 704 1102 745 eiusdem
1138 707 1266 746 unius
1296 706 1443 749 verbi:
1473 722 1612 764 neque

140 791 325 842 ponent
353 810 409 815 —
441 790 485 826 et
513 808 569 816 —
601 787 682 825 vix
717 789 906 838 possent.
930 784 961 837 ¹)
1027 782 1143 834 Quid
1186 794 1389 839 putamus
1424 786 1609 829 aliarum

149 866 306 906 artium
350 863 565 915 homines,
607 862 744 904 verba
783 861 969 904 aliorum
1015 872 1058 904 et
1100 866 1341 906 sententias
1382 865 1533 922 legere
1567 875 1612 908 et

146 943 397 1000 intelligere
439 942 696 998 simpliciter
737 941 918 994 solitos,
956 943 1224 985 iudicaturos
1270 959 1392 996 esse,
1443 947 1479 987 si
1525 946 1610 988 huc

145 1024 333 1066 evadere
365 1022 678 1078 philologicam
711 1022 942 1062 enarrandi
978 1031 1115 1063 artem
1147 1023 1338 1064 scirent?
1380 1024 1466 1066 Sed
1498 1024 1608 1067 illuc

145 1111 471 1158 praevertainur.
533 1099 786 1149 Manutius,
837 1109 884 1141 ut
926 1100 1055 1142 liuius
1099 1100 1184 1142 loci
1233 1102 1436 1144 mendum
1479 1105 1606 1157 vidit,

145 1195 228 1222 non
259 1182 362 1222 item
391 1194 570 1236 prorsus
597 1188 712 1220 recte
737 1178 929 1220 sustulit.
994 1179 1150 1237 Neque
1180 1183 1295 1223 enim
1323 1182 1606 1240 intelligitur,

144 1275 229 1317 quo
268 1275 416 1302 errore
457 1258 593 1300 verba
625 1265 804 1314 possent
836 1282 891 1289 —
925 1266 1133 1314 cuperent
1173 1261 1317 1303 locum
1358 1273 1606 1316 permutare

141 1341 379 1396 potuerint.
439 1339 524 1380 sed
566 1353 696 1394 quum
730 1337 884 1380 Cicero
916 1341 1178 1394 scripsisset,
1211 1350 1256 1381 ut
1288 1356 1401 1384 nunc
1430 1343 1604 1386 demum

142 1419 289 1460 edidi:
333 1432 414 1459 nec
447 1423 657 1472 cuperent
685 1421 936 1472 reprimere,
969 1422 1011 1459 si
1033 1425 1227 1473 possent,
1260 1419 1467 1463 librarius
1502 1423 1599 1465 dor-

142 1500 303 1540 mitans
354 1512 433 1538 nec
484 1497 537 1538 ad
582 1498 844 1538 sententiam
889 1498 1142 1549 attendens,
1194 1510 1373 1556 propter
1419 1501 1602 1545 alterius

142 1576 328 1620 membri
368 1578 550 1618 formam
595 1577 678 1630 (el,
728 1580 770 1617 εἰ
796 1577 974 1628 vellent,
1015 1581 1095 1618 υιζι·
1125 1583 1321 1633 possent)
1366 1580 1435 1622 hic
1469 1584 1603 1625 etiam

142 1656 488 1700 condicionalem
530 1655 786 1712 particulam
819 1657 863 1696 in
893 1657 1065 1698 initium
1101 1666 1144 1698 et
1177 1659 1230 1699 ad
1262 1661 1382 1715 prius
1419 1661 1603 1704 verbum

141 1739 347 1779 retraxit.
422 1735 472 1778 In
528 1736 723 1777 eiusdem
778 1737 989 1778 orationis
1034 1738 1220 1779 exordio
1265 1741 1288 1790 §
1329 1740 1356 1779 2
1396 1739 1602 1783 Klotzius

140 1819 398 1874 scripturam
441 1815 672 1857 meliorum
715 1815 936 1858 codicum:
1032 1815 1101 1857 ‘on
1152 1818 1233 1858 illa
1277 1819 1496 1873 proesc'dc'a
1545 1845 1602 1852 —

139 1911 226 1939 non
278 1896 477 1948 offerunt
524 1901 669 1936 tamen
723 1899 894 1936 oratori
946 1896 1121 1951 ale’quz'd
1165 1898 1228 1938 sic
1280 1898 1499 1951 defendit,
1555 1910 1602 1941 ut

140 1974 358 2029 duplicem
391 1975 672 2030 negationem
713 1989 792 2030 pro
823 1989 909 2015 una
940 1989 1037 2016 esse
1065 1975 1188 2026 velit,
1226 1976 1445 2019 rhetorice
1475 1993 1600 2035 repe-

139 2056 279 2106 titam,
311 2068 406 2110 quoe
438 2053 681 2094 cuiusmodi
716 2054 773 2094 sit
816 2051 976 2110 figura,
1016 2063 1064 2095 ut
1108 2057 1287 2110 negatio
1332 2058 1457 2098 initio
1497 2068 1598 2100 ante

137 2133 381 2176 subiectum
419 2134 562 2189 posita
603 2132 759 2174 deinde
798 2134 842 2174 in
882 2135 1102 2175 sententia
1140 2133 1301 2177 leniter
1343 2137 1600 2180 decurrente

137 2222 238 2255 ante
284 2211 464 2254 verbum
506 2212 725 2254 rhetorice
767 2213 1039 2269 geminetur,
1098 2228 1276 2269 prorsus
1325 2218 1488 2258 nescio.
1549 2216 1598 2260 Id

137 2293 245 2343 scio,
287 2293 323 2333 si
367 2306 443 2345 pro
487 2307 574 2333 una
618 2293 854 2347 negatione
899 2291 991 2333 haec
1036 2294 1320 2349 accipiantur,
1363 2293 1597 2338 barbarum

137 2384 234 2412 esse
265 2370 460 2426 aliquid,·
491 2371 648 2412 deinde
678 2371 740 2411 ita
767 2371 1014 2412 adiunctam
1043 2386 1140 2413 esse
1166 2372 1289 2414 illam
1314 2376 1598 2418 sententiam:

166 2547 197 2592 ¹)
237 2546 446 2592 Postquam
470 2544 552 2580 haec
576 2549 741 2591 nugatus
767 2549 849 2586 est,
875 2557 954 2580 non
976 2551 1153 2589 veretur,
1177 2551 1356 2595 tanquam
1383 2551 1415 2585 si
1434 2553 1525 2599 quid
1552 2565 1596 2589 ex

226 2607 412 2642 interiore
437 2608 599 2642 scientia
624 2607 928 2654 deprompserit,
953 2608 1111 2644 addere:
1136 2609 1259 2644 xviii-e
1284 2611 1346 2646 die
1362 2612 1596 2663 Synonymik

228 2669 297 2704 der
336 2669 592 2705 lateiniscbeu
628 2669 796 2717 Sprache
828 2670 869 2704 in
901 2670 1013 2706 ihren
1043 2672 1302 2719 Grundziigen
1327 2685 1493 2720 genauer
1516 2678 1596 2712 und

228 2731 398 2767 sicherer
433 2731 665 2778 ausgesasst,
702 2743 743 2765 so
779 2732 910 2767 wiirde
948 2746 1034 2769 man
1069 2734 1180 2770 nicht
1214 2734 1323 2769 mehr
1356 2749 1403 2771 an
1438 2739 1596 2775 solchen

228 2791 376 2828 stenen
411 2793 485 2843 bey
519 2795 586 2831 der
621 2794 890 2843 Handhabung
923 2796 991 2834 der
1014 2796 1227 2834 kritischeu
1250 2797 1379 2834 Runst
1402 2800 1596 2848 ausgehal·

229 2857 296 2890 ten
318 2855 494 2891 werden!

1296 2941 1338 2971 21
