1821 3309
275 194 371 245 172

200 337 248 378 ln
281 334 349 375 his
376 344 505 389 quam
537 337 684 372 essent
711 329 847 372 multa
879 344 1032 386 prava,
1063 330 1149 372 iam
1178 329 1232 372 ab
1266 330 1367 373 aliis
1398 329 1668 372 intellectum

199 422 282 466 cst,
311 412 499 468 duoque,
533 425 627 466 quae
658 411 876 466 praecipua
905 418 1045 462 erant,
1075 407 1129 450 ab
1159 409 1209 450 E.
1241 408 1293 454 G.
1324 408 1521 452 Webero
1552 416 1669 449 recte

197 493 421 549 expedita.
486 489 598 539 Quis
624 490 739 530 enim
767 490 953 544 primum
986 502 1071 529 non
1106 489 1242 540 videt,
1271 502 1479 545 perverse
1503 492 1669 543 γνωτο-

181 571 363 622 fulmen
409 569 741 611 commemorari
784 569 934 622 ignem
985 566 1122 608 alium
1170 576 1213 608 et
1265 567 1365 608 huic
1417 567 1666 608 incendium

194 650 357 691 tribui!
389 647 545 690 deinde
570 661 663 702 quae
686 648 770 687 ista
795 655 859 687 est
887 648 1134 688 coniunctio
1161 655 1202 687 et
1224 660 1369 687 rerum
1391 643 1666 687 consecutio:

192 729 427 771 Autennas
461 726 635 781 impulit
666 729 800 781 v‘gm'S,
844 740 971 781 quum
1013 739 1059 766 se
1091 729 1272 780 quisque
1304 725 1382 765 illo
1409 736 1664 779 percussum

193 807 421 849 crederet?
448 805 516 847 Ac
538 806 659 858 prius
686 803 796 845 illud
820 804 1143 845 incommodum
1170 802 1358 844 Carolus
1381 803 1665 855 Schmidtius‚

191 888 265 943 qui
299 885 529 928 Iuvenales
560 887 798 925 satirarum
831 883 1043 924 delectum
1075 881 1331 923 Bielefeldae
1359 896 1398 923 a.
1432 883 1543 923 1835
1574 881 1663 922 edi-

190 967 252 1007 dit
273 967 322 1020 ¹),
355 966 417 1005 sic
449 965 616 1005 evitare
649 963 812 1011 studet,
850 971 897 1003 ut
932 976 1087 1004 versus
1122 963 1180 1002 18
1210 962 1335 1002 initio
1369 961 1531 1015 (evasa)
1567 974 1663 1001 ver—

188 1057 285 1085 sum
323 1045 380 1084 24
421 1042 578 1097 (genus
616 1055 716 1083 ecce
761 1041 889 1082 alind
917 1041 1018 1094 etc.)
1064 1042 1304 1092 continuet,
1337 1049 1481 1082 cetera
1513 1040 1660 1081 onmia

188 1121 441 1179 parenthesi
485 1119 729 1162 concludat.
793 1118 842 1160 In
892 1133 993 1175 quO,
1041 1127 1087 1160 ut
1133 1133 1218 1160 non
1268 1120 1427 1168 dicam,
1475 1117 1659 1160 mirifice

185 1200 469 1258 parenthesin
510 1200 684 1251 induci,
729 1196 804 1238 ubi
845 1196 1016 1238 nullum
1063 1199 1290 1239 minimum
1331 1199 1575 1239 insistentis
1616 1205 1658 1238 et

185 1279 482 1321 convertentis
513 1291 559 1318 se
591 1276 680 1317 alio
712 1277 924 1317 orationis
958 1278 1192 1332 vestigium
1221 1279 1293 1329 sit,
1324 1277 1452 1334 quale
1480 1276 1655 1317 tandem

184 1357 293 1399 illud
331 1364 410 1407 est,
443 1356 557 1412 quod
590 1364 688 1411 post
720 1353 1019 1411 parenthesin,
1055 1369 1149 1410 quae
1185 1357 1280 1410 ipsa
1311 1357 1418 1396 duas
1449 1356 1654 1411 periodos

183 1438 379 1478 maxima
399 1435 752 1490 interpunctione
781 1434 997 1474 diiunctus
1024 1434 1260 1486 contineat,
1290 1435 1351 1475 ita
1375 1435 1655 1476 continuatur

181 1517 338 1567 oratio,
369 1515 493 1571 quasi
526 1513 637 1555 nihii
660 1514 937 1554 interiectum
963 1512 1116 1554 fuerit:
1148 1513 1317 1554 Proeler
1343 1514 1502 1569 pelagi
1530 1525 1655 1554 casus

180 1600 225 1635 et
252 1593 468 1645 fulminis
511 1597 643 1635 ‘e'clecm
687 1605 788 1633 ecce
833 1591 960 1633 allud
997 1604 1139 1648 genus
1183 1592 1491 1633 discriminis?
1534 1590 1651 1632 Tum

178 1674 457 1729 participium
499 1675 624 1714 evasi
664 1671 826 1712 frustra
867 1679 1071 1719 excusat,
1114 1671 1227 1726 quod
1275 1680 1392 1712 recte
1427 1669 1650 1714 Weberus

178 1751 414 1793 barbarum
458 1760 500 1792 et
540 1749 784 1791 inauditum
821 1750 1028 1800 dixerat3
1072 1763 1212 1805 neque
1256 1752 1373 1791 enim
1408 1748 1551 1790 solum
1593 1747 1647 1790 ab

176 1845 257 1871 usu
301 1829 509 1886 loquendi
551 1830 787 1884 respuitur,
814 1828 888 1869 sed
922 1826 975 1868 ab
1007 1826 1226 1883 analogia,
1262 1829 1467 1883 quoniam
1499 1827 1647 1868 huius-

175 1909 291 1951 modi
329 1908 477 1961 verba,
510 1907 658 1964 qualia
688 1916 789 1948 sunt
821 1907 975 1958 evado,
1007 1906 1190 1957 accedo,
1226 1906 1404 1958 invado,
1428 1905 1644 1961 pervade,

174 2002 436 2045 quamquam
479 2001 574 2029 cum
627 1988 880 2028 accusativo
913 1987 1255 2040 coniunguntur,
1290 1993 1434 2026 tamen
1470 1986 1644 2042 passive

173 2067 287 2122 apud
312 2066 449 2107 bonos
474 2068 710 2121 scriptores
733 2080 820 2107 non
845 2065 1071 2114 dicuntur3
1106 2065 1218 2120 apud
1245 2064 1491 2106 Palladium
1518 2069 1643 2105 inva-

171 2160 259 2197 sus,
290 2145 403 2200 apud
425 2144 708 2186 Ammianum
737 2157 952 2198 pervasus
984 2142 1126 2197 legaS,
1160 2144 1276 2199 apud
1312 2142 1640 2184 Tertullianum

171 2237 392 2266 excessus·
443 2223 528 2265 Sed
555 2231 601 2264 ut
624 2224 680 2264 sit
699 2221 862 2264 bouum
891 2221 1171 2273 vocabulum,
1195 2222 1468 2278 ineptissime
1495 2230 1639 2262 tamen

169 2303 328 2344 dicitur
369 2306 484 2343 ictas
518 2302 726 2353 falme'm‘s
759 2306 904 2352 evasi,
939 2316 1071 2358 quum
1102 2302 1213 2343 ictus
1246 2303 1437 2343 evitatus
1468 2298 1638 2356 signifi-

170 2389 307 2431 cetur,
339 2383 464 2437 quasi
497 2385 629 2423 ictum
653 2384 831 2436 sctgt’lloe
869 2384 1021 2422 vc’taloe
1052 2395 1130 2437 pro
1162 2385 1301 2423 ve'lalo
1334 2384 1424 2422 ictu
1453 2380 1636 2420 dixeris.

169 2460 413 2501 Verissime
452 2461 588 2516 igitur
627 2461 715 2501 iam
749 2460 960 2502 Pithoeus
993 2468 1035 2501 et
1066 2475 1202 2515 nuper
1244 2462 1298 2513 is,
1339 2474 1467 2516 quem
1499 2460 1637 2500 nomi-

168 2540 286 2589 navi,
330 2537 553 2582 XVeberus
583 2553 644 2580 ex
676 2553 762 2580 uuo
793 2539 970 2582 Pithoei
1013 2540 1162 2582 codice
1192 2541 1347 2596 reponi
1381 2537 1636 2581 voluerunt:

199 2683 225 2723 ι)
254 2680 368 2714 Hunc
396 2693 512 2727 quum
539 2682 677 2729 saepius
704 2683 1008 2731 reprehensurus
1035 2684 1129 2725 sim,
1155 2695 1304 2731 :equum
1329 2685 1388 2717 est
1414 2692 1492 2715 non
1519 2680 1630 2714 dissi-

255 2742 425 2784 mulare,
459 2755 579 2778 unum
605 2748 642 2779 et
665 2744 830 2781 alterum
855 2746 1007 2789 locum,
1041 2745 1088 2781 dc
1116 2758 1192 2794 quo
1222 2757 1323 2780 eram
1349 2743 1548 2782 dicturus,
1582 2741 1628 2776 ab

257 2816 301 2840 eo
336 2809 566 2852 occupatum
604 2817 708 2848 esse;
752 2807 856 2844 velut
883 2812 949 2845 sat.
984 2808 1018 2841 V
1057 2819 1093 2846 v,
1124 2809 1191 2859 ¹41.
1218 2818 1298 2857 sqq.
1336 2805 1526 2846 breviter,
1561 2803 1627 2838 sed

256 2869 360 2901 recte
386 2868 587 2904 enarravit.
