1821 3309
1477 223 1540 272 13

145 367 224 406 tivi
253 365 508 418 praesertim.
568 363 861 417 (Aliquando,
892 362 1006 417 quod
1037 369 1249 416 praeterea
1279 363 1498 418 proponit,
1528 362 1611 404 sal·

145 458 237 486 sam
271 443 403 484 habet
433 442 711 491 sententiam,
743 440 869 495 quasi
896 439 941 479 id
972 438 1125 480 consul
1155 447 1253 495 post
1282 440 1443 481 multos
1472 456 1610 483 annos

143 529 399 563 eventurum
435 519 615 573 credat.)
680 518 794 560 Mihi
822 519 964 559 alicui
991 526 1135 558 ortum
1170 531 1267 558 esse
1297 532 1427 574 posse
1468 521 1611 561 visum

144 608 209 642 est
254 613 313 640 ex
355 600 563 654 olc'qaaui
603 598 710 652 (ve).
775 596 929 653 Neque
971 605 1117 637 tamen
1157 605 1323 638 certum
1365 597 1448 638 hoc
1489 606 1611 653 puto,

143 680 375 734 potiusque
416 679 460 718 in
508 692 605 719 eam
649 684 816 731 partem
863 675 1043 727 inclino,
1088 684 1135 717 ut
1172 675 1353 718 verbum
1388 677 1611 718 excidisse

145 765 306 813 putem.
371 755 484 797 Nam
529 755 607 797 illa
645 761 940 810 perpetuoque
978 753 1161 809 posthac
1203 755 1405 796 videntur
1440 756 1504 796 sic
1537 756 1612 797 ad-

142 838 280 893 iungi,
311 844 359 876 ut
390 835 640 891 praecedere
675 834 833 876 debeat
864 835 994 874 unius
1024 833 1129 874 facti
1160 841 1203 874 et
1233 835 1442 890 temporis
1473 835 1611 890 signi-

147 915 309 965 ficatio,
341 914 454 969 quod
484 915 526 954 in
561 913 814 969 exemplum
851 921 1022 953 vertere
1052 914 1190 966 possit
1215 913 1264 964 ¹).

260 993 308 1033 ln
350 994 549 1033 oratione
593 1006 671 1046 pro
713 991 764 1031 L.
797 989 1005 1031 Cornelio
1035 988 1175 1030 Balbo
1206 988 1334 1042 plura
1366 990 1494 1031 nobis
1520 990 1612 1033 effi-

145 1073 297 1115 cienda
334 1079 476 1121 erunt,
511 1070 625 1125 quod
662 1084 758 1110 eam
792 1068 933 1109 adhuc
964 1082 1092 1109 nemo
1131 1069 1376 1109 recentiore
1415 1077 1612 1125 tempore

147 1152 199 1193 ad
231 1152 462 1192 certiorem
494 1149 706 1199 codicum,
738 1149 933 1189 maxime
967 1146 1216 1196 meliorum,
1248 1145 1379 1188 fidem
1403 1163 1612 1190 revocare

146 1237 212 1270 est
243 1238 439 1270 conatus.
516 1228 745 1268 Ernestius
791 1227 922 1267 etiam
968 1226 1219 1267 detrimenti
1253 1225 1418 1282 aliquid
1450 1227 1613 1277 attulit,

145 1322 276 1363 quum
316 1307 544 1348 incidisset
586 1307 631 1347 in
676 1306 867 1347 codicem
899 1306 1186 1360 depravatum
1222 1315 1264 1346 et
1299 1305 1611 1360 interpolatum

145 1385 536 1440 Guelferbytanum
582 1399 721 1440 eoque
763 1384 876 1426 male
922 1393 1133 1425 uteretur.
1210 1383 1423 1425 Caremus
1466 1392 1612 1425 autem

148 1464 241 1514 hic,
285 1473 333 1504 ut
375 1466 502 1504 initio
548 1465 670 1514 dixi,
721 1465 859 1505 tertiae
894 1464 1090 1504 codicum
1130 1462 1307 1503 familiae
1343 1464 1612 1513 testimonio,

146 1544 190 1583 in
237 1541 537 1583 Bernensibus
586 1541 808 1583 codicibus
848 1541 1058 1596 posit02).
1115 1541 1288 1582 Deinde
1333 1542 1612 1597 perspicuum

147 1629 235 1671 est,
283 1620 395 1662 hanc
439 1621 680 1661 orationem
729 1621 815 1661 iam
860 1628 960 1660 ante
1001 1619 1196 1661 seculum
1230 1634 1393 1661 nonum
1428 1641 1481 1649 —
1517 1621 1613 1660 eius

120 1707 214 1740 'est
254 1700 369 1738 enim
412 1700 553 1738 aetatis
599 1699 741 1738 codex
775 1699 1038 1738 parisiensis
1085 1719 1139 1728 --
1185 1699 1281 1737 sive
1312 1697 1482 1738 librarii
1513 1697 1614 1738 dili-

145 1777 296 1831 gentia
323 1776 366 1815 in
401 1776 549 1816 codice
583 1789 635 1816 eo
666 1774 923 1826 scribendo,
974 1789 1032 1816 ex
1071 1789 1157 1830 quo
1199 1776 1338 1815 nostri
1370 1773 1613 1824 fluxerunt,

144 1855 258 1894 inter
308 1852 474 1894 laboris
516 1867 796 1908 progressum
839 1853 1072 1895 deficiente
1109 1854 1205 1893 sive
1240 1853 1354 1908 quod
1387 1853 1428 1892 in
1462 1866 1616 1893 exem-

146 1931 242 1987 plar
276 1929 458 1972 difficile
501 1932 616 1974 lectu
658 1941 701 1974 et
731 1934 955 1988 scripturae
986 1946 1110 1987 paene
1145 1932 1342 1982 evanidae
1373 1931 1616 1981 incidisset,

149 2024 234 2050 non
291 2008 435 2049 solum
495 2010 863 2066 frequentissimis
914 2010 1098 2051 levioris
1153 2010 1330 2065 generis
1394 2008 1617 2049 erroribus

153 2088 294 2142 (velut
323 2089 367 2129 in
404 2091 427 2139 ξ
459 2087 508 2128 18
537 2089 731 2130 violatur
765 2104 792 2129 a
835 2092 998 2130 virtute
1043 2095 1087 2128 et
1120 2085 1306 2127 infinitis
1348 2086 1492 2140 aliis),
1541 2086 1618 2127 sed

149 2168 282 2208 etiam
337 2167 614 2221 gravissimis
686 2168 855 2208 mendis
911 2166 1243 2221 manifestisque
1319 2164 1491 2221 aliquot
1550 2163 1617 2205 lo·

152 2258 300 2285 corum
337 2245 755 2301 interpolationibus
801 2247 864 2286 ita
911 2246 1184 2300 inquinatam
1214 2243 1376 2294 fuisse,
1428 2250 1476 2283 ut
1504 2256 1620 2284 nunc

151 2336 324 2378 quoque
368 2323 594 2379 complura
637 2339 718 2380 pro
769 2324 1012 2379 desperatis
1064 2322 1354 2378 relinquenda
1398 2322 1509 2371 sint,
1556 2321 1620 2360 in·

151 2400 320 2442 terdum
361 2401 495 2456 paulo
541 2401 741 2443 liberiori
781 2402 1021 2457 suspicioni
1061 2400 1186 2442 locus
1237 2400 1419 2441 dandus.
1501 2397 1621 2439 Illud

152 2477 446 2518 animadverti
475 2478 636 2529 velim,
668 2481 714 2519 in
745 2481 801 2519 iis
832 2480 964 2519 etiam
994 2479 1213 2518 interdum
1244 2477 1385 2526 locis,
1417 2476 1492 2530 qui
1521 2473 1620 2516 nul-

150 2554 240 2596 lam
281 2557 480 2596 excitent
523 2557 745 2611 gravioris
780 2554 978 2597 vulneris
1007 2555 1330 2610 suspicionem,
1360 2551 1545 2594 mirifice
1576 2553 1620 2593 in

176 2753 205 2797 ¹)
239 2752 358 2787 Exitu
397 2753 535 2799 capitis
573 2767 644 2801 pro
681 2760 796 2801 atque
835 2754 902 2788 hoc
935 2762 1008 2789 scr.
1042 2757 1158 2800 atque
1190 2750 1510 2797 11ae0(1>ABE).
1548 2749 1620 2784 Το-

240 2817 318 2847 tam
345 2816 583 2860 superiorem
608 2816 821 2851 orationem
843 2817 881 2847 et
907 2813 1138 2849 sententiam
1167 2813 1306 2849 Cicero
1329 2811 1619 2858 complectitur.

174 2875 206 2916 ²)
236 2873 297 2917 [ld
322 2872 583 2912 testimonium
612 2876 744 2920 postea
769 2874 960 2919 accessit]
