1821 3309
1438 200 1537 250 319

134 337 421 388 scholiastes,
463 353 516 379 ne
558 340 687 379 nimis
730 337 867 379 multa
916 337 1048 379 verba
1090 338 1380 392 describeret,
1435 339 1489 381 ab
1533 339 1601 381 his

135 416 281 459 verbis
323 431 448 458 orsus
490 426 629 459 esset:
672 417 919 470 appelletur
959 420 1024 456 ila
1065 430 1186 466 sane,
1230 431 1279 457 ac
1312 426 1474 469 tamen,
1514 435 1599 475 qno

132 503 351 552 spectaret
385 509 479 538 vox,
508 500 590 544 ila,
633 493 927 550 significasset
959 494 1104 534 addito
1140 499 1344 548 potenlc'a
1377 496 1462 548 (ila
1492 512 1600 542 sane

125 577 373 629 potentia),
419 573 501 613 hoc
545 572 622 613 ille
664 573 804 612 editor
852 574 893 612 iu
942 571 1168 613 Ciceronis
1207 576 1446 617 orationem
1488 580 1599 619 reci-

130 667 232 707 pere
264 666 348 692 non
383 651 627 691 dubitavit.-
669 649 775 698 (221oe
809 654 850 691 ει·
872 654 1074 704 polorum
1109 657 1172 691 est
1202 654 1471 706 appellanda
1500 679 1557 687 —
1577 680 1596 689 -

130 731 376 784 appelletur
405 733 470 770 ila
501 743 608 770 sane
633 733 852 783 potentia.

241 807 332 848 Iam
380 822 487 862 qnos
525 808 576 847 de
632 809 825 848 codicum
868 808 1216 850 dissensionibus
1271 811 1596 868 discrepantiis-

128 901 211 942 que
254 900 394 940 neque
425 887 530 926 satis
571 885 713 925 libero
756 887 899 926 animo
937 901 1076 941 neque
1113 889 1347 942 prudenter
1381 899 1422 930 et
1455 892 1594 934 subti-

126 965 226 1006 liter
249 965 466 1004 iudicasse
490 964 718 1012 existimo,
748 964 922 1004 eosdem
952 979 1034 1004 uon
1063 968 1217 1007 mirum
1244 976 1326 1018 est,
1355 970 1392 1008 si
1421 972 1593 1023 (litando

125 1044 415 1085 consentienti
451 1041 645 1081 codicum
681 1043 905 1094 scriptura?
941 1051 1015 1082 aut
1058 1045 1099 1083 in
1135 1045 1408 1086 dissensione
1454 1051 1593 1089 omni-

123 1121 204 1163 bus
230 1120 457 1174 scripturis
486 1119 595 1158 ratio
625 1117 848 1158 adversari
879 1120 1076 1160 videatur
1103 1130 1145 1160 et
1171 1124 1429 1164 coniecturae
1462 1140 1588 1180 opem

121 1198 362 1256 postulare,
395 1197 489 1236 eins
520 1209 661 1236 causae
692 1210 840 1251 aequos
875 1206 947 1237 aut
983 1196 1122 1238 bonos
1153 1200 1319 1241 iudices
1363 1202 1469 1242 mihi
1503 1219 1589 1245 non

125 1277 278 1318 videri.
342 1273 452 1316 Nam
487 1289 626 1328 neque
660 1289 711 1314 ea
744 1285 1003 1328 argumenta
1035 1278 1262 1331 signaque,
1295 1279 1452 1333 quibus
1484 1296 1588 1323 con-

122 1358 299 1397 iectnrae
343 1354 580 1393 necessitas
625 1353 964 1403 demonstratur,
1007 1353 1145 1395 libere
1177 1358 1450 1408 examinant,
1491 1374 1590 1414 pro·

123 1434 224 1475 bata
271 1431 396 1472 firme
439 1429 826 1485 comprehendunt,
860 1433 1091 1487 potiusque
1128 1436 1292 1488 quaevis
1328 1437 1493 1492 effugia
1527 1439 1588 1480 ita

120 1519 358 1561 sectantur,
407 1511 529 1564 quasi
575 1523 790 1548 summum
836 1511 890 1549 sit
933 1512 1226 1552 coniecturam
1275 1515 1457 1566 evitare,
1499 1531 1584 1558 non

122 1605 271 1632 verum
318 1589 534 1637 invenire,
574 1587 790 1627 interdum
837 1588 944 1628 adeo
990 1589 1263 1631 incredibilia
1306 1590 1494 1647 fingunt,
1539 1604 1586 1635 ut

117 1669 269 1710 ludere
303 1675 442 1722 putes,
475 1679 613 1720 neque
646 1667 687 1704 in
721 1666 1026 1708 emendatione
1063 1671 1363 1723 persequenda
1395 1674 1585 1728 vestigia

118 1762 186 1797 ea,
228 1745 384 1801 quibus
424 1743 477 1784 ad
523 1744 750 1784 veritatem
785 1747 1005 1797 perveniri
1040 1756 1196 1800 potest,
1228 1757 1300 1787 aut
1334 1759 1458 1790 notas
1493 1766 1582 1802 eaS,

116 1824 274 1882 quibus
330 1837 381 1864 ea
431 1823 644 1876 impressa
687 1825 965 1876 agnoscitur,
1022 1832 1185 1864 tenent.
1249 1825 1315 1866 Ac
1358 1825 1584 1870 Buechne-

114 1919 210 1946 rnm
255 1903 425 1958 quidem
478 1903 546 1943 hic
588 1900 887 1942 insectandum
928 1916 1013 1941 non
1061 1912 1180 1956 puto,
1229 1905 1301 1958 qui
1343 1905 1451 1945 adeo
1496 1921 1579 1947 non

116 1983 387 2023 exercitatus
446 1990 798 2036 praeparatnsve,
861 1987 908 2018 ut
957 1994 1053 2019 eum
1114 1980 1330 2022 tralaticia
1385 1984 1580 2025 codicum

115 2060 271 2101 menda
325 2058 531 2100 fallerent
587 2059 726 2113 (velut
784 2056 890 2097 illud
937 2058 979 2096 in
1020 2061 1042 2108 ξ
1085 2060 1141 2098 96
1183 2060 1289 2113 quid
1332 2065 1462 2114 quasi
1504 2077 1580 2114 pro

113 2137 220 2194 quid
260 2140 449 2192 quoeso),
498 2137 712 2177 nialorum
757 2137 968 2176 orationis
1006 2136 1234 2177 Roseiauae
1277 2139 1471 2178 codicum
1515 2155 1581 2180 er-

111 2229 235 2257 rores
272 2214 419 2269 longis
461 2214 715 2271 plerumque
761 2213 995 2255 verborum
1039 2213 1300 2270 aiiiibagibus
1344 2216 1580 2258 defenden-

114 2294 192 2335 dos
236 2294 457 2347 suscepit,
505 2294 612 2333 adeo
654 2294 853 2342 fortiter,
899 2301 945 2332 ut
992 2307 1131 2347 neque
1178 2296 1200 2344 ξ
1244 2296 1324 2334 104
1361 2295 1580 2337 dubitaret

111 2385 321 2413 revocare
360 2368 476 2410 nihil
512 2384 617 2423 opus
646 2369 750 2418 sui!
791 2375 834 2408 Ie
879 2372 958 2408 isli
1003 2370 1181 2410 credere
1233 2372 1327 2426 (pro
1372 2376 1474 2412 z'sle'c
1514 2387 1578 2413 se-

113 2448 247 2501 dere),
290 2461 429 2502 neque
472 2450 494 2498 §
533 2449 616 2487 109
654 2447 895 2486 ”vetustam
938 2446 1147 2486 formam''
1190 2451 1335 2488 eiusce
1380 2450 1578 2491 reformi-

112 2527 236 2568 daret
277 2530 391 2580 (quae
430 2538 514 2564 non
556 2523 863 2578 exemplorum
904 2525 1054 2579 inopia
1090 2524 1324 2576 refellitur,
1354 2527 1431 2568 sed
1463 2528 1576 2582 qnod

111 2603 222 2659 fingi
261 2602 382 2644 nullo
424 2602 553 2643 modo
595 2603 750 2657 potuit,
790 2616 920 2657 quum
967 2603 1034 2642 vis
1080 2603 1305 2657 particulae
1341 2618 1389 2644 ce
1420 2619 1445 2645 a
1478 2619 1577 2660 pro-

110 2683 285 2723 nomine
306 2683 355 2727 >is
384 2680 642 2736 longissime
673 2680 836 2733 distet),
866 2681 1182 2736 interpretandi
1213 2691 1357 2723 autem
1394 2691 1575 2735 tantam,

112 2767 252 2800 artem
284 2759 424 2816 dicam
467 2773 521 2800 an
558 2758 816 2800 audaciam?
851 2758 1012 2810 attulit,
1047 2767 1092 2800 ut
1127 2762 1150 2812 ᾖ
1184 2761 1267 2801 104
1300 2760 1368 2801 his
1403 2761 1574 2802 verbis:

110 2842 161 2879 ut
206 2849 259 2878 ea
302 2836 455 2879 dedita
505 2850 638 2893 opera
681 2850 709 2878 a
752 2836 872 2879 vobis
924 2837 1005 2891 (sic
1043 2839 1159 2880 enim
1203 2837 1371 2893 scribit)
1421 2844 1574 2880 contra
