1821 3309
307 229 402 280 194

231 369 516 414 Providentia
535 368 578 420 5,
599 367 839 410 9Phaeton
861 369 926 410 sic
950 366 1167 425 loquitur:
1188 367 1347 410 Placet
1365 371 1470 418 vz'a3
1497 369 1706 420 escendo,-

232 455 295 492 est
325 451 445 490 tanti
475 462 560 504 per
599 452 688 489 isla
728 451 795 489 ire
829 462 999 490 casm-o.
1064 447 1375 503 Expetendum
1410 455 1477 489 est
1504 461 1589 504 per
1618 452 1708 491 ista

230 533 298 570 ire
327 528 488 580 (Tanti
519 533 585 568 est
620 541 702 582 per
744 531 832 569 ista
876 531 957 579 ire,
994 532 1044 568 nt
1079 527 1249 579 cadam,
1290 529 1436 583 priore
1478 525 1706 584 significa·

230 608 381 661 tione),
418 606 625 648 ferendus
660 621 787 647 casus
830 614 873 648 et
906 620 1023 648 mors
1060 605 1114 648 ob
1158 605 1292 648 talem
1327 621 1504 649 causam
1537 608 1710 660 (Tanti

229 692 296 729 est
325 686 498 736 cadere,
532 691 580 726 ut
602 699 688 740 per
719 688 804 726 ista
837 699 945 736 eam,
977 685 1169 727 secunda
1203 683 1564 741 significatione).

339 763 440 806 Non
472 778 576 805 usus
607 778 702 805 sum
733 766 778 805 in
810 763 892 805 hae
920 764 1216 818 disputatione
1247 763 1417 819 aliquot
1444 763 1573 813 locis,
1610 765 1705 820 qui·

229 844 309 885 bns
336 844 520 885 forsitan
547 853 670 899 putet
697 844 793 899 quis
819 843 1026 884 utendum
1050 843 1203 886 fuisse.
1270 843 1462 884 Primum
1496 844 1540 884 in
1573 843 1703 896 epist.

227 926 282 965 16
316 924 366 964 ad
404 922 604 973 Brutum,
651 937 744 978 quae
785 921 865 963 sub
910 921 1023 963 falso
1071 920 1300 963 Ciceronis
1336 923 1512 963 nomine
1545 920 1702 971 fertur,

228 1010 316 1042 est:
355 1000 489 1041 Ne’lu'l
517 1000 624 1050 fulc
665 1005 796 1051 tanti,
836 1015 918 1055 qno
955 1000 1240 1041 venderemus
1257 999 1400 1050 fidem
1434 1006 1627 1042 nostram
1658 1004 1705 1041 et

226 1078 486 1130 libertatem,
541 1079 655 1135 quod
698 1093 803 1120 sane
845 1078 1053 1120 abhorret
1098 1094 1123 1120 a
1167 1081 1430 1134 scriptorum
1473 1093 1572 1130 usu,
1617 1078 1700 1119 etsi

226 1159 424 1214 potuisse
467 1158 529 1198 sic
570 1158 655 1199 dici
694 1172 781 1198 non
812 1172 984 1212 negem.
1067 1156 1206 1198 Citari
1238 1159 1370 1199 etiam
1397 1156 1512 1198 solet
1547 1156 1698 1198 Ovidii

224 1236 405 1278 Heroid.
448 1235 534 1287 IX,
574 1238 602 1276 9
645 1244 688 1277 et
734 1238 812 1277 10:
864 1236 932 1277 At
974 1249 1060 1276 non
1102 1237 1179 1277 ille
1225 1237 1347 1287 velit,
1395 1240 1470 1278 cni
1507 1249 1614 1286 noa),
1661 1241 1703 1277 si

226 1315 442 1365 credetur,
481 1327 571 1355 nna
610 1313 713 1355 Non
757 1318 899 1364 tanti,
943 1320 989 1354 ut
1033 1320 1182 1355 {caelus
1230 1318 1535 1369 conce‘perere,
1562 1317 1696 1365 suit,-

224 1408 374 1434 vernm
415 1394 453 1434 is
498 1391 623 1434 locus
662 1392 718 1440 ad
752 1401 997 1433 ceterorum
1038 1392 1372 1434 similitudinem
1409 1392 1534 1434 nullo
1568 1393 1697 1435 modo

223 1473 402 1515 accedit.
460 1470 590 1523 Nam,
619 1473 656 1512 si
686 1473 831 1527 priore
864 1469 1191 1527 significatione
1220 1473 1285 1512 uti
1319 1471 1449 1520 velis,
1482 1472 1585 1528 quid
1613 1471 1696 1513 hoc

222 1561 302 1603 est,
334 1550 529 1593 noluisse
560 1550 712 1592 Iovem
746 1565 875 1592 unam
910 1560 1083 1591 noctem
1110 1551 1310 1604 accipere
1342 1565 1395 1592 ea
1422 1550 1695 1601 condicione,

220 1639 267 1671 ut
298 1639 444 1672 tantus
484 1628 611 1671 fieret
638 1628 886 1671 Hercules?
928 1631 996 1670 sin
1028 1628 1184 1682 altera,
1225 1644 1311 1671 non
1356 1631 1500 1671 minus
1541 1627 1696 1673 absur-

220 1710 321 1750 dum
365 1710 461 1759 erit,
501 1709 698 1750 noluisse
732 1708 883 1750 Iovem
920 1723 1049 1749 unam
1094 1718 1263 1751 noctem
1300 1707 1465 1760 subire,
1499 1717 1546 1750 ut
1579 1707 1694 1750 Her-

219 1787 339 1829 cules
381 1796 528 1828 tantus
570 1786 831 1828 efficeretur.
899 1787 1116 1828 Praeterea
1160 1797 1344 1843 utraque
1385 1788 1556 1828 ratione
1590 1785 1692 1841 Iup-

218 1868 331 1922 piter
388 1866 547 1907 dicitur
600 1865 797 1907 noluisse
839 1865 1076 1907 Herculem
1120 1880 1325 1920 magnum
1372 1864 1496 1916 fieri,
1557 1878 1690 1919 quum

216 1946 435 1986 sententia
477 1953 616 2000 poetae
662 1945 733 1995 sit,
767 1943 977 1985 voluisse.
1040 1944 1176 1985 Recte
1218 1945 1352 2000 igitur
1380 1941 1590 1998 probatur
1624 1941 1688 1984 al-

215 2033 309 2065 tera
350 2025 565 2080 scriptura
603 2029 744 2064 tanta.
811 2023 862 2064 In
905 2022 1131 2064 Ciceronis
1175 2021 1531 2064 Tusculanarum
1572 2019 1688 2062 libro

216 2101 406 2143 secundo
438 2110 641 2142 extremo
685 2100 877 2142 Bentleii
909 2102 1184 2157 aliorumque
1217 2102 1457 2155 scriptura:
1487 2103 1686 2154 urgenti-

216 2179 291 2220 bus
333 2183 502 2234 aspere}
548 2186 594 2220 ec
628 2179 792 2220 odiosis
838 2179 1086 2230 doloribus,
1146 2183 1189 2219 si
1228 2182 1348 2219 lauh·
1386 2191 1473 2218 uonv
1515 2180 1601 2228 sit,
1640 2183 1688 2218 ut

200 2258 394 2306 ferenda·
419 2261 521 2308 sint,
554 2271 634 2312 qao
665 2260 726 2298 sit
747 2256 1103 2312 cotfiegc'endum,
1131 2256 1269 2307 vides,
1301 2257 1478 2297 omnino
1510 2254 1685 2297 aberrat

214 2336 266 2378 ab
300 2351 382 2377 usu
417 2336 547 2377 huius
587 2336 767 2386 formae3
808 2350 948 2391 neque
993 2337 1109 2376 enim
1145 2334 1346 2376 absolute
1379 2335 1538 2375 dicitur
1569 2338 1688 2375 tanti

213 2421 290 2466 est,
321 2421 371 2457 ut
393 2415 567 2471 ccllqm'd
579 2414 696 2464 fiere·
718 2414 889 2465 debeal,
920 2414 997 2455 sed
1027 2413 1127 2454 lae-oc
1158 2419 1225 2454 est
1249 2417 1381 2464 tanti,
1412 2419 1460 2453 ut
1486 2413 1683 2467 (propter

212 2494 273 2545 id)
313 2508 354 2536 α.
383 2493 433 2544 f.
461 2494 503 2535 cl.
571 2493 743 2535 Deinde
787 2495 1002 2535 sententia
1045 2492 1167 2533 nulla
1208 2501 1288 2533 est.
1357 2492 1523 2534 Verum
1566 2490 1680 2531 idem

212 2572 326 2612 cadit
376 2573 421 2612 in
465 2572 663 2613 codicum
710 2574 936 2628 scripturae
978 2572 1299 2613 enarrationem
1351 2583 1487 2624 nuper
1529 2565 1680 2623 paullo

211 2648 449 2704 gloriosius
480 2652 775 2706 propositam:
811 2651 963 2692 ”wenn
997 2649 1076 2690 auf
1104 2649 1174 2689 die
1209 2647 1475 2690 Schmerzen
1506 2659 1557 2686 so
1592 2644 1678 2685 viel
1725 2679 1729 2684 .

211 2727 451 2778 ankommt‚
497 2730 597 2769 dass
640 2744 739 2770 man
779 2730 843 2770 sie
890 2743 968 2770 aus
1003 2726 1294 2769 moralischen
1332 2723 1556 2774 Griinden‚
1586 2736 1677 2764 was

209 2804 426 2847 natiirlich
457 2806 521 2846 oft
554 2806 816 2858 vorkommt‚
847 2816 1050 2862 ertragen
1084 2804 1244 2847 muSS.”
1303 2802 1432 2852 Quod
1465 2810 1531 2843 est
1562 2802 1677 2843 enim

209 2879 316 2926 illud
352 2887 544 2940 pretium
585 2883 800 2935 dolorum,
840 2892 1018 2941 propter
1049 2883 1163 2939 quod
1194 2881 1362 2924 ferendi
1394 2880 1514 2923 sint?
1557 2879 1672 2928 Quid
