1821 3309
242 213 309 262 62

175 363 286 395 ctam
317 348 537 408 appellat,
570 348 896 405 significatione
943 359 1139 406 tempora
1188 348 1312 390 verbi
1353 348 1644 406 distinguunt.

176 431 400 472 Harrisius
432 431 564 471 etiam
598 428 888 470 inchoandam
921 431 1138 471 actionem
1171 427 1373 478 addebat,
1410 442 1524 470 nunc
1557 430 1644 470 iam

175 509 422 566 explosam.
482 507 636 564 ltaque
672 522 803 564 quum
846 508 1050 566 γέγραφα
1091 517 1134 549 et
1167 511 1329 563 scripsi
1364 507 1530 549 dicatur
1571 516 1646 548 aut

175 588 286 632 Fuit
326 588 460 629 Ilium
502 596 577 628 aut
621 587 879 644 βεβίωκε
925 584 949 630 ὁ
990 587 1182 637 derasa,
1237 600 1429 643 praesens
1473 595 1645 642 tempus

175 665 417 724 significari
474 665 629 707 volunt
678 668 864 708 aetionis
904 667 1133 723 perfectae,
1190 665 1466 721 apertissime
1496 679 1644 706 rerum

177 755 340 787 naturae
386 754 684 800 repugnantes
728 754 771 786 et
809 746 1027 787 actionem
1061 759 1157 786 cum
1190 745 1374 786 actionis
1407 746 1645 801 negatione

176 834 217 866 et
249 823 498 866 sublatione
529 824 862 865 confundentes.
937 823 1109 865 Deinde
1142 837 1274 879 quum
1305 823 1359 863 ad
1389 837 1486 864 eam
1523 821 1647 864 verbi

176 904 359 945 formam
395 911 574 944 ventum
608 912 700 955 est,
732 917 827 959 quae
857 903 901 943 in
935 904 1153 958 praeterito
1185 902 1408 957 praecipua
1438 909 1530 952 est,
1562 915 1648 956 qua

178 984 219 1023 in
252 982 469 1023 narrando
502 983 663 1023 utimur
711 984 917 1033 (ἔτυψα
955 991 998 1022 et
1030 986 1191 1037 scripsi
1219 980 1308 1023 alio
1340 980 1514 1033 modo),
1560 979 1648 1020 hae-

176 1070 301 1112 rent,
343 1075 554 1116 eamque,
601 1062 703 1116 quia
737 1060 902 1101 includi
945 1062 988 1101 in
1022 1061 1198 1102 schema
1230 1075 1317 1101 non
1354 1067 1524 1115 potest,
1569 1073 1646 1099 va-

178 1141 273 1197 gari
306 1141 546 1196 patiuntur.
615 1138 752 1195 Atqui
783 1138 971 1180 debebat
1002 1139 1192 1187 includi3
1247 1153 1347 1180 nam
1380 1139 1454 1193 qui
1485 1146 1648 1188 narrat,

180 1219 281 1275 quid
313 1228 486 1275 gestum
518 1219 601 1270 sit,
649 1233 755 1259 sane
795 1233 866 1259 res
910 1219 1129 1274 perfectas
1174 1225 1334 1259 narrat.
1403 1216 1648 1272 Sequamur

177 1299 312 1354 igitur
354 1299 397 1337 in
437 1296 707 1352 temporibus
752 1298 1001 1339 dividendis
1034 1306 1233 1338 naturam
1271 1296 1451 1347 ducem,
1481 1295 1648 1336 intelli-

178 1390 448 1432 gamusque,
495 1374 694 1431 loquenti
726 1390 811 1417 non
843 1378 1114 1432 propositum
1157 1390 1279 1427 esse,
1320 1375 1433 1430 quod
1469 1374 1648 1415 demon-

178 1463 301 1505 stret,
333 1454 564 1495 discrimen
598 1454 781 1509 perfecti
815 1463 859 1495 et
890 1455 1152 1510 imperfecti,
1182 1455 1409 1494 notionum
1445 1467 1471 1493 a
1503 1467 1648 1507 gram-

179 1535 338 1575 matica
372 1532 634 1585 alienarum,
666 1533 741 1574 sed
773 1533 816 1574 id
848 1548 946 1574 eum
983 1533 1224 1582 declarare,
1258 1547 1385 1588 quem
1418 1531 1563 1573 locum
1598 1546 1651 1574 ea

179 1614 292 1662 visa,
326 1626 420 1668 quae
455 1612 601 1654 verbis
633 1621 843 1668 concepta
876 1612 1097 1667 proferat,
1143 1613 1186 1652 in
1232 1612 1384 1653 ordine
1428 1612 1650 1653 actionum

179 1692 387 1747 temporis
431 1693 663 1733 momentis
710 1691 997 1732 discretarum
1050 1699 1243 1733 teneant.
1318 1690 1472 1747 Itaque
1517 1704 1647 1747 quum

181 1771 263 1810 tria
307 1770 394 1809 sint
441 1771 582 1824 prima
613 1778 656 1810 et
686 1783 855 1811 summa
887 1771 1096 1823 temporis
1129 1769 1408 1820 discrimina,
1458 1783 1648 1825 praesens

181 1847 347 1888 nullam
392 1846 506 1889 ultra
549 1848 812 1890 divisionem
845 1848 1058 1899 admittitg
1104 1847 1179 1888 sed
1213 1855 1500 1903 praeterquam
1534 1846 1649 1903 quod

180 1927 365 1967 actionis
399 1929 627 1979 praeteritae
665 1927 832 1983 duplex
878 1941 975 1967 esse
1005 1935 1149 1982 potest
1185 1923 1477 1981 significatio,
1510 1924 1649 1967 altera

180 2004 389 2058 simplex,
425 2019 554 2059 quum
576 2019 820 2056 narramuS,
851 2004 991 2046 altera
1011 2005 1264 2062 (γέγραφα),
1296 2005 1340 2045 in
1375 2020 1460 2060 qua
1494 2005 1550 2045 sit
1569 2019 1651 2046 ex-

180 2102 332 2143 pressa
364 2084 567 2127 exclusio
607 2085 816 2139 temporis
860 2085 1088 2137 praesentis
1130 2083 1258 2137 (adeo
1298 2098 1386 2124 non
1428 2090 1496 2123 est
1540 2095 1649 2138 prae-

180 2168 316 2216 sens),
348 2178 475 2219 quam
506 2162 668 2203 Latina
697 2161 851 2216 lingua
884 2175 967 2202 non
1001 2160 1150 2211 habet,
1182 2163 1324 2203 omnis
1353 2169 1396 2202 et
1418 2161 1649 2216 praeteritae

182 2251 225 2284 et
255 2243 411 2284 futurae
446 2242 631 2283 actionis
665 2239 787 2281 locus
819 2241 880 2281 ita
915 2240 1197 2281 determinari
1232 2248 1403 2295 potest,
1457 2248 1506 2280 ut
1537 2239 1650 2280 ratio

182 2320 397 2362 habeatur
423 2320 607 2361 alterius
638 2319 823 2360 actionis
855 2320 952 2359 sive
981 2320 1211 2371 praeteritae
1246 2320 1341 2359 sive
1373 2317 1557 2368 futurae„
1604 2317 1650 2357 in

182 2401 305 2441 cuius
350 2407 520 2454 tempus
570 2398 608 2438 si
650 2398 842 2438 animum
889 2397 1268 2448 transtulerimus,
1314 2395 1394 2437 illa
1428 2403 1503 2437 aut
1543 2408 1651 2451 prae-

182 2491 283 2518 sens
333 2477 446 2533 (quae
487 2475 744 2531 imperfecto
786 2474 941 2516 Graeco
976 2484 1018 2515 et
1048 2475 1208 2518 Latino
1240 2473 1535 2531 significatur)
1577 2480 1652 2514 anit

183 2557 402 2611 praeterita
448 2554 584 2610 (quod
614 2555 659 2594 in
689 2555 912 2608 praeterito
943 2554 1420 2610 plusquamperfectum
1456 2549 1650 2606 appella—

187 2633 298 2685 mus)
338 2641 412 2672 aut
454 2633 601 2673 futura
633 2641 866 2687 appareat;
916 2647 975 2674 ex
1011 2647 1095 2687 quo
1127 2632 1326 2673 oriuntur
1355 2639 1553 2686 tempora
1582 2643 1652 2669 re-

182 2710 337 2761 lativa,
369 2724 551 2765 quorum
587 2719 769 2752 eatenus
803 2710 904 2751 aliis
935 2711 1130 2752 actiones
1164 2709 1392 2766 perfectae,
1441 2707 1541 2749 aliis
1581 2707 1653 2747 in-

184 2788 307 2832 fectae
339 2786 676 2843 significantur,
723 2797 936 2844 quatenus
980 2803 1108 2831 omne
1147 2801 1341 2844 praesens
1384 2795 1428 2830 et
1456 2787 1650 2829 futurum
