1821 3309
277 229 338 278 14

208 367 350 410 verbis
381 362 604 407 sacileis
636 365 785 407 errari.
846 361 983 405 Velut
1013 363 1126 418 quod
1161 365 1200 414 1,
1237 365 1265 404 4
1294 363 1458 405 editur:
1490 369 1538 405 nt
1564 364 1664 418 plue

205 447 442 500 voluptatis
492 456 552 484 ex
595 443 902 484 recordatione
956 442 1080 483 illius
1127 446 1341 484 orationis
1400 455 1527 498 qnam
1578 455 1664 484 non

204 524 326 565 modo
357 536 416 564 ex
445 536 540 564 mea
572 523 651 564 sed
681 535 740 563 ex
771 525 1021 576 cuiusquam
1056 525 1255 562 oratione
1290 534 1447 576 capere
1467 524 1665 575 possitis,

201 603 374 644 videtur
415 603 591 642 omnino
623 615 775 641 verum
814 614 937 649 esse3
965 600 1042 640 sed
1076 608 1220 641 tamen
1247 601 1293 641 in
1324 614 1376 641 eo
1408 600 1573 651 codice,
1603 613 1665 640 ex

204 696 288 736 quo
325 681 527 735 proxime
562 680 697 719 nostri
731 679 814 719 orti
843 679 958 729 sint,
1003 679 1164 720 fuisse:
1209 682 1256 719 in
1298 692 1392 720 mea
1435 692 1562 733 qnam
1605 690 1665 718 ex

205 764 479 814 cuiusquam,
529 757 718 798 ostendit
749 757 842 797 cod.
873 757 1133 798 parisiensis
1175 771 1271 798 cum
1302 757 1394 798 Erf.
1426 770 1665 798 consensus

205 844 246 879 et
281 838 470 893 vestigia
500 835 745 890 aliquorum
774 848 834 874 ex
863 835 918 874 iis
950 835 1094 885 codd.‚
1125 836 1171 875 in
1201 835 1358 890 quibus
1388 836 1664 876 emendatum

206 925 270 957 est
302 915 424 970 (Cod.
459 914 609 969 Steph.
644 914 722 954 sed
752 927 877 967 qnam
912 925 995 962 ex,
1041 912 1173 954 Barb.
1207 922 1250 954 et
1282 927 1394 954 unus
1428 912 1580 953 Oxon.
1617 916 1666 953 in

205 1009 299 1035 mea
317 995 363 1046 ¹).
442 994 552 1033 Sunt
595 991 683 1033 alia
714 991 963 1032 huiusmodi
993 992 1037 1031 in
1070 991 1252 1047 vulgata
1282 992 1524 1047 scriptura,
1569 1004 1664 1046 quae

205 1086 337 1128 quum
378 1085 433 1112 ex
477 1070 599 1112 codd.
639 1070 765 1111 ducta
798 1077 1026 1125 putentur,
1082 1077 1124 1110 et
1153 1071 1240 1110 sint
1269 1071 1399 1110 etiam
1433 1084 1492 1111 ex
1524 1069 1665 1116 codd„

206 1161 350 1192 tamen
394 1151 642 1191 coniectura
688 1158 782 1189 orta
822 1162 946 1199 esse,
989 1149 1095 1188 satis
1136 1164 1195 1190 ex
1230 1147 1356 1189 bonis
1397 1148 1519 1190 codd.
1552 1147 1688 1189 nunc'

206 1229 496 1271 demonstrari
527 1235 682 1283 potest.
754 1226 885 1278 Haec‚
916 1226 989 1267 ubi
1021 1235 1138 1268 recte
1173 1228 1464 1268 coniectatum
1497 1225 1666 1267 videbi-

206 1317 300 1357 tur,
343 1322 429 1347 non
460 1308 698 1361 attingam3
747 1320 798 1347 ea
829 1320 1089 1361 persequar,
1125 1319 1218 1361 quae
1250 1305 1433 1347 meliora
1462 1303 1560 1346 fieri
1591 1319 1668 1360 po-

207 1393 374 1435 terunt,
416 1400 544 1440 quam
580 1386 624 1424 in
657 1385 847 1425 editione
883 1375 1113 1425 Orelliann
1143 1392 1259 1426 sunt.
1332 1383 1478 1438 Atque
1509 1384 1596 1423 iam
1620 1383 1666 1422 in

205 1465 343 1519 primo
385 1464 524 1518 capite
568 1464 763 1517 graviter
797 1462 1087 1517 interpolatus
1130 1470 1196 1502 est
1239 1463 1277 1502 is
1306 1460 1456 1511 loeuS,
1488 1459 1564 1500 ubi
1596 1458 1668 1501 Ci-

206 1556 305 1583 cero
351 1543 595 1583 Stoicorum
638 1539 867 1596 paradoxo
909 1541 1071 1591 utitur,
1126 1547 1174 1579 ut
1207 1539 1462 1594 Pompeium
1493 1547 1669 1594 propter

207 1621 348 1661 omnis
391 1620 566 1661 virtutis
613 1619 933 1674 possessionem
977 1619 1108 1659 etiam
1144 1625 1361 1658 oratorem
1393 1619 1488 1658 sine
1517 1618 1667 1673 singu-

206 1698 291 1739 lari
320 1699 414 1738 eius
447 1699 553 1738 artis
589 1697 903 1736 exercitatione
934 1711 984 1736 ac
1019 1696 1163 1735 studio
1195 1695 1358 1735 factum
1387 1696 1516 1736 dieat.
1565 1695 1668 1736 Edi-

207 1785 301 1819 tur:
349 1780 399 1815 ut
439 1773 546 1814 milti
574 1777 661 1813 iam
696 1786 841 1813 verum
872 1773 1076 1813 videatur
1107 1772 1222 1812 illud
1250 1785 1368 1822 esse,
1413 1772 1530 1827 qnod
1559 1785 1666 1812 non-

207 1854 345 1903 nulli,
376 1854 540 1892 litteris
574 1865 628 1891 ac
659 1851 817 1892 studiis
851 1850 1058 1890 doctrinm
1091 1848 1257 1899 dediti,
1307 1853 1437 1903 qnasi
1462 1849 1667 1904 quiddam

206 1929 465 1971 incredibile
510 1929 657 1970 dicere
697 1927 991 1982 putabantur,
1049 1941 1170 1976 eum,
1224 1930 1302 1982 qui
1340 1940 1483 1968 omnes
1523 1930 1666 1968 animo

208 2011 390 2048 virtutes
410 2010 591 2060 penilns
620 2005 1032 2060 comprehendisset,
1068 2008 1239 2054 omnia,
1271 2018 1362 2060 quie
1394 2003 1547 2045 facere
1575 2005 1664 2045 vel-

208 2087 294 2132 let,
343 2084 575 2134 facillime
629 2089 837 2124 tractare.
915 2084 1003 2125 Sed
1055 2084 1226 2124 codices
1278 2097 1363 2123 non
1413 2081 1668 2135 interpolati

209 2163 317 2216 (PE)
356 2176 434 2215 pro
466 2175 556 2202 enm
592 2160 755 2202 habent
785 2164 830 2202 ei
856 2161 906 2214 (P
938 2164 983 2201 ei
1015 2160 1160 2215 quoi),
1211 2159 1367 2200 deinde
1397 2162 1544 2200 omnia
1572 2171 1668 2213 quoe
1729 2206 1735 2213 ,

213 2240 271 2296 (Ε
313 2240 410 2294 qne)
440 2238 651 2290 faceret,
696 2245 905 2279 tractare.
985 2237 1172 2293 [Eadem
1211 2235 1290 2278 AB
1325 2236 1401 2278 sed
1432 2239 1497 2285 ei,
1545 2234 1666 2291 quo-J

208 2317 407 2372 Apparet
425 2317 636 2367 dativum,
654 2318 727 2371 qui
746 2316 958 2356 tenendus
990 2324 1090 2356 ante
1124 2316 1272 2356 omnia
1302 2322 1385 2365 est,
1416 2314 1460 2353 in
1491 2326 1667 2353 accusa-

209 2397 346 2436 tivum
366 2403 575 2436 mutatum
597 2408 710 2445 esse,
744 2402 834 2434 tum
865 2408 1034 2434 summa
1063 2393 1242 2434 licentia
1272 2392 1418 2435 addita
1439 2392 1668 2444 nonnulla,

208 2482 256 2514 ut
301 2481 548 2528 corruptum
588 2471 697 2512 illud
743 2477 937 2512 tractare
976 2472 1235 2512 sententiam
1269 2470 1463 2515 haberet.
1530 2471 1673 2513 Vellet

211 2565 262 2591 ne
296 2552 341 2591 in
373 2550 521 2591 Guelf.
558 2550 728 2605 quidem
762 2557 854 2596 est,
886 2556 1027 2590 ortum
1059 2556 1165 2600 tum,
1199 2562 1345 2604 quum,
1376 2549 1569 2590 detracta
1596 2547 1667 2588 lit-

239 2726 266 2767 ι)
293 2724 342 2767 [Α
368 2723 499 2766 (Bern.
525 2726 590 2768 1),
619 2724 651 2758 si
677 2722 852 2758 Ustcrius
880 2726 945 2757 aut
972 2720 1142 2757 Orellius
1168 2726 1272 2758 recte
1307 2721 1476 2766 notavit,
1513 2722 1553 2757 in
1587 2733 1669 2758 mea

302 2785 370 2819 sed
395 2797 439 2820 cx
464 2786 509 2828 0.]
