1821 3309
256 209 352 260 138

185 364 267 391 non
288 348 431 388 solum
457 347 693 389 Gruterum
717 357 774 397 et,
793 346 930 402 quiin
956 344 1232 401 philosophis
1264 344 1389 386 libris
1419 346 1561 386 minus
1592 353 1655 388 at-

181 426 403 479 tendebat,
435 427 702 477 Ernestium,
745 426 821 467 sed
856 423 1654 476 Goerenzium,R‘IoserurmOrellium

180 521 343 563 pravus
375 521 479 548 usus
512 505 737 560 particulae
772 519 887 546 unne
919 506 965 545 in
995 504 1343 559 interrogatione
1378 504 1567 561 simplici
1611 512 1653 544 et

180 587 375 635 directa3
430 601 692 642 quamquam
745 583 979 626 nonnullos
1037 584 1340 625 anin‘iadverto
1385 598 1510 636 esse,
1564 584 1653 639 qui,

178 665 406 722 particulae
453 679 510 706 αιι
546 666 642 721 quis
685 666 742 705 sit
785 678 889 704 usus
929 664 1042 719 apud
1089 665 1360 720 antiquiores
1403 664 1654 718 scriptoreS,

179 746 335 796 sciant,
377 745 431 785 de
463 758 578 785 anne
619 744 735 784 idem
770 742 921 784 valere
966 743 1179 782 nesciant.
1247 741 1374 791 Quod
1406 755 1539 782 unum
1570 741 1655 781 fert

179 823 409 866 Ciceronis
450 823 658 879 loquendi
702 835 805 863 usus
847 822 964 875 (nam
1003 835 1056 861 ne
1088 819 1271 861 verbum
1305 821 1480 876 quidem
1510 821 1651 861 omitti

178 906 222 944 in
265 902 517 944 huiusmodi
562 902 910 958 interrogatione
946 898 1128 956 potest),
1179 899 1311 941 habet
1354 901 1498 941 codex
1529 899 1652 941 Hau-

177 983 364 1023 niensis:
396 988 531 1034 estne,
563 981 645 1023 hoc
674 991 755 1033 est,
784 994 928 1021 nonne
957 986 1034 1030 est,
1067 979 1433 1035 quemadmodum
1468 991 1654 1035 proeees-

179 1062 255 1102 sit:
301 1060 349 1101 id
388 1067 509 1102 estne
543 1060 855 1102 numerandum
900 1063 946 1100 in
977 1058 1136 1099 bouis?
1176 1073 1359 1115 eamque
1391 1060 1651 1114 scripturam

178 1148 221 1181 et
252 1138 380 1180 Iunta
412 1148 453 1180 et
486 1139 540 1183 R.
577 1139 828 1194 Stephanus
859 1138 963 1179 olim
999 1149 1300 1193 reppererant,
1333 1138 1578 1179 Lambinus
1608 1146 1652 1179 et

178 1217 391 1260 Davisius
422 1210 674 1274 probaram.
741 1217 802 1259 At
837 1219 1038 1258 exoritur
1070 1215 1367 1268 Goerenzius,
1410 1213 1649 1273 '’nusquam

179 1296 439 1338 Ciceronem
482 1303 604 1338 eslue
647 1299 691 1337 in
737 1298 969 1337 enunciato
1015 1298 1294 1352 negationem
1331 1298 1542 1338 innuente
1575 1310 1651 1351 po-

176 1376 307 1416 nere’'
349 1374 588 1427 affirmans,
636 1376 765 1431 idque
801 1376 1040 1430 sapienter,
1083 1377 1164 1416 etsi
1209 1377 1350 1416 minus
1380 1375 1555 1427 Latine,
1589 1375 1651 1416 di-

175 1456 297 1495 xisse
338 1453 519 1495 Mosero
563 1454 783 1506 videtur„
829 1454 1006 1510 Ergone
1048 1454 1099 1494 ad
1149 1456 1430 1510 negationem
1470 1452 1653 1494 inclinat

176 1534 268 1575 haec
310 1534 627 1589 interrogatio?
676 1531 824 1588 Negat
865 1535 1000 1590 igitur
1046 1531 1228 1583 Cicero,
1281 1534 1504 1575 civitatem
1548 1531 1649 1588 lege

175 1623 395 1655 carentem
429 1613 553 1655 nullo
586 1613 684 1655 loco
718 1612 963 1654 habendam
995 1611 1120 1653 esse?
1153 1611 1292 1654 Immo
1325 1612 1434 1654 nibil
1463 1611 1652 1654 affirmat

174 1694 314 1749 magis
356 1701 398 1734 et
441 1694 487 1734 in
522 1708 572 1734 eo
605 1702 697 1734 tota
732 1693 969 1746 disputatio
1003 1701 1217 1733 versatur.
1283 1692 1437 1749 ltaque
1472 1706 1652 1749 respon·

173 1772 322 1813 detur:
389 1772 501 1813 Dico·
541 1773 674 1813 aliter
708 1786 794 1813 uon
821 1778 979 1827 polest.
1040 1771 1220 1813 Scilicet
1251 1787 1331 1814 nec
1373 1771 1648 1813 Goerenzius

172 1866 251 1893 nec
285 1850 491 1893 Moserus
532 1853 924 1907 interrogationem
972 1850 1280 1910 affirmativagn
1324 1852 1377 1892 de
1413 1852 1646 1907 praedicato

173 1933 381 1987 negativo
418 1932 563 1984 (mello
596 1932 691 1971 loco
722 1929 941 1984 habenda)
973 1929 1027 1970 ab
1057 1931 1406 1986 interrogatione
1439 1931 1647 1986 negativa

170 2010 391 2050 distinxit.
416 2010 450 2060 ¹)
518 2009 638 2051 Vera
680 2011 815 2066 igitur
850 2011 1067 2065 scriptura
1109 2025 1166 2050 ex
1209 2012 1263 2051 iis
1307 2010 1546 2059 codicibus,
1593 2009 1646 2050 de

170 2089 328 2145 quibus
354 2090 461 2130 certi
486 2089 651 2145 aliquid
678 2098 864 2140 constat,
896 2091 939 2129 in
971 2103 1057 2129 uno
1079 2098 1252 2142 reperta
1284 2098 1350 2131 est
1372 2089 1646 2140 Hauniensi3

169 2182 220 2208 ea
255 2181 386 2223 quum
433 2176 550 2208 esset
597 2170 640 2208 in
686 2168 908 2223 plerisque
952 2166 1176 2208 codicibus
1220 2176 1439 2224 corrupta,
1481 2169 1645 2209 omisso

170 2252 247 2297 est,
281 2255 483 2287 extremo
520 2246 617 2287 loco
662 2247 824 2288 infelix
859 2246 1116 2288 emendator
1145 2248 1353 2289 vitiosum
1389 2246 1496 2289 illud
1529 2259 1646 2288 tentae

202 2451 228 2490 ¹)
268 2447 521 2492 (ζῦοοιὌιηὶιιες
549 2454 591 2482 ut
620 2449 732 2490 solet,
760 2460 877 2495 quum
904 2447 1191 2483 incredibiliter
1216 2449 1257 2483 in
1286 2449 1501 2484 notissimis
1527 2449 1643 2483 rebus

260 2515 386 2549 errat,
421 2510 531 2545 valde
556 2508 687 2556 σεμνιῖς
714 2510 840 2543 addit:
897 2509 1020 2543 ”Cum
1044 2510 1196 2556 vulgata
1225 2512 1434 2558 saepissime
1464 2511 1643 2546 Cicero.'·

258 2572 345 2607 Non
373 2573 489 2607 nimis
517 2573 605 2613 scit,
633 2572 727 2619 quid
754 2571 870 2613 dicat,
895 2584 1014 2619 quum
1040 2573 1195 2608 oracula
1222 2574 1365 2616 fundit,
1406 2587 1490 2622 quae
1516 2579 1641 2608 tamen

258 2646 327 2679 per
354 2635 503 2681 aliquot
528 2646 649 2670 annos
676 2635 947 2669 auctoritatem
972 2634 1203 2669 habuerunt.
1266 2636 1402 2683 ltaque
1434 2647 1513 2669 nou
1550 2646 1638 2669 con-

258 2694 409 2728 tendam
428 2722 438 2736 ,
477 2696 550 2731 hoe
578 2709 663 2731 eum
690 2697 880 2738 sensisse,
918 2697 1128 2744 saepissime
1155 2697 1383 2732 Ciceronem
1407 2696 1450 2730 in
1476 2696 1638 2731 interro-

256 2756 411 2801 gatione
446 2757 614 2803 simplici
641 2769 719 2792 non
745 2758 888 2793 adnexa
917 2772 970 2793 an
996 2764 1033 2794 et
1060 2772 1162 2795 aune
1190 2770 1347 2806 ponere.
1419 2757 1528 2793 Nihil
1556 2769 1637 2792 sen-

259 2816 355 2851 sisse
388 2820 519 2864 potius
557 2819 693 2856 dicam.
766 2821 817 2855 Et
847 2825 972 2855 tamen
997 2820 1098 2856 idem
1126 2820 1264 2855 vitium
1291 2820 1479 2856 orationis
1508 2830 1639 2854 omnies

260 2877 429 2915 editores
457 2881 559 2927 fugit
588 2881 663 2917 alio
689 2880 827 2918 horum
852 2883 1043 2919 librorum
1068 2882 1168 2923 loco,
1206 2882 1253 2918 dc
1280 2895 1356 2930 quo
1384 2887 1473 2929 post
1502 2882 1636 2918 dicam.
