1821 3309
260 208 328 257 80

195 348 371 404 linguas
411 354 485 387 aut
516 344 708 402 simplici
739 345 887 387 futuro
932 352 1160 386 contentas
1195 358 1292 386 esse
1325 342 1568 395 videamus,
1603 353 1664 396 ut,

196 440 290 482 quae
323 426 434 466 ratio
473 426 587 466 inter
617 425 724 466 duas
759 427 955 467 actiones
989 425 1158 465 futuras
1192 424 1450 475 intercedat,
1481 437 1542 464 ex
1571 423 1667 478 ipsa

195 506 502 547 coniunctione
537 514 579 545 et
611 506 673 545 rei
706 515 861 546 natura
896 503 1186 560 intelligatur,
1219 505 1443 544 autetiam
1463 502 1668 560 praesenti

195 595 392 639 tempore
424 585 487 624 uti
522 582 737 635 (Graecam
772 586 901 624 etiam
939 585 1101 624 aorislo
1135 583 1438 636 coniunctim),
1483 590 1525 623 et
1552 582 1668 622 eius-

196 664 294 705 dem
341 661 637 717 simplicitatis
687 664 876 718 vestigia
929 664 973 702 in
1015 662 1176 702 Latino
1220 676 1423 703 sermone
1473 662 1668 716 reperia-

198 756 309 784 mus.
337 742 369 794 ἶ>
435 740 532 781 Huc
563 742 697 796 igitur
729 742 937 782 traductae
971 740 1035 780 hae
1072 741 1222 780 fortnae
1264 739 1409 780 locum
1454 739 1668 796 aliquam-

197 821 270 862 diu
298 828 558 871 tenuerunt,
594 835 725 875 quum
778 822 966 875 priorem
1002 820 1267 858 amisissent.
1333 818 1389 858 Et
1419 827 1564 859 tamen
1597 816 1670 859 vel

201 905 269 946 hic
318 912 495 945 manent
541 901 729 955 vestigia
777 899 933 953 prioris
974 912 1093 939 usus.
1160 895 1272 938 Nam
1317 905 1364 937 ut
1396 911 1528 952 supra
1559 897 1672 947 dixi,

201 984 526 1025 coniunctivum
552 979 681 1019 huius
710 978 845 1018 futuri
865 991 1083 1031 nunquam
1105 978 1146 1016 in
1173 977 1438 1032 praeteritum
1469 977 1673 1026 transire,

201 1064 263 1103 sic
296 1076 347 1102 ne
383 1060 646 1100 indicativus
690 1057 861 1111 quidem
897 1069 1072 1109 prorsus
1106 1064 1191 1095 tam
1228 1055 1361 1111 longe
1392 1055 1672 1111 progreditur

202 1143 245 1182 in
280 1137 569 1196 significanda
602 1137 773 1177 actione
805 1136 849 1174 in
886 1134 1031 1174 futuro
1067 1135 1300 1189 praeterita,
1334 1148 1462 1188 quam
1485 1132 1670 1173 alterum

201 1219 309 1260 illud
346 1231 496 1258 verum
529 1216 722 1256 futurum
759 1221 980 1264 exactum,
1016 1228 1275 1268 quamquam
1313 1227 1365 1254 ne
1397 1211 1478 1252 hoc
1497 1211 1669 1267 quidem

203 1299 431 1353 quisquam
461 1295 702 1335 adnotavit.
766 1291 879 1333 Nam
912 1307 1051 1346 neque
1079 1292 1123 1331 in
1160 1307 1222 1341 re,
1250 1307 1377 1347 quam
1410 1289 1539 1331 simul
1575 1303 1672 1331 cum

203 1375 344 1417 altera
375 1371 624 1415 absolutum
657 1372 710 1410 iri
742 1380 959 1425 putamus,
993 1384 1133 1424 neque
1164 1370 1207 1410 in
1239 1378 1400 1410 eventu
1432 1369 1578 1409 futuro
1611 1368 1674 1410 rei

204 1454 453 1510 praeteritae,
486 1464 580 1506 quae
614 1450 698 1489 duo
731 1464 894 1504 genera
928 1449 1059 1503 paulo
1093 1458 1192 1488 ante
1224 1449 1368 1503 attigi,
1410 1446 1503 1487 haec
1533 1447 1675 1488 forma

206 1534 401 1588 ponitur,
446 1530 558 1585 quod
601 1528 662 1568 ibi
705 1528 899 1582 apertius
935 1528 1136 1568 adiuncta
1183 1527 1331 1566 futuro
1366 1527 1576 1582 praeteriti
1617 1528 1675 1567 si·-

204 1608 431 1667 gnificatio
465 1616 545 1648 cst.
608 1607 761 1662 Itaque
798 1621 874 1662 pro
907 1621 975 1657 co,
1007 1606 1118 1661 quod
1144 1606 1351 1646 dicimus:
1384 1609 1426 1645 sc·
1452 1604 1675 1654 hocfece-

205 1694 266 1730 ris
303 1688 494 1743 (faxis),
533 1700 693 1740 magna
728 1700 793 1725 me
828 1700 933 1726 cura
965 1686 1143 1735 let-arse,
1179 1698 1307 1725 nemo
1339 1683 1482 1725 dixit:
1525 1687 1568 1724 si
1595 1681 1675 1724 Ιιοε

191 1766 368 1817 seceris·
413 1765 614 1819 (famis),
659 1777 818 1818 magna
860 1777 923 1803 me
970 1777 1076 1803 cura
1107 1764 1316 1811 levasse'33
1363 1777 1443 1803 nec
1488 1777 1565 1818 pro
1604 1776 1674 1812 eo,

233 1947 263 1988 ¹)
299 1941 482 1988 Exempla
508 1941 563 1975 rci
590 1946 689 1975 notae
718 1945 916 1974 sumantur
942 1939 1133 1974 Plautina:
1162 1940 1355 1987 Amphitr.
1382 1939 1412 1982 Ῑ,
1441 1942 1472 1981 l,
1498 1942 1567 1974 284
1592 1940 1675 1984 (va-

297 2005 465 2050 pulabis,
495 2005 538 2037 ιη’
562 2005 649 2037 hinc·
678 2004 796 2045 abis),
821 2001 950 2035 Aulul.
968 2001 1034 2042 IV,
1062 2005 1094 2043 4,
1122 2006 1177 2043 17,
1203 2002 1312 2049 Cnpt.
1335 2001 1406 2043 ln,
1432 2003 1467 2044 4,
1486 2005 1545 2044 55,
1564 2002 1676 2037 Cure.

301 2065 367 2105 IV,
396 2067 430 2105 4,
455 2067 498 2099 19
524 2066 618 2108 (nisi
643 2066 732 2097 milii
754 2065 860 2109 vit-90
888 2064 1075 2107 redditur,
1104 2065 1188 2097 Iam
1214 2077 1280 2110 eqo
1304 2070 1354 2104 tc,
1377 2063 1537 2108 faciam,
1560 2069 1604 2098 ut
1619 2065 1679 2099 hic

298 2126 466 2171 foi-mictu
492 2125 739 2169 frustillatim
766 2125 983 2172 disserant),
1009 2123 1088 2158 ihd.
1117 2124 1148 2165 Ι,
1174 2128 1208 2166 2,
1234 2128 1296 2159 49:
1331 2126 1416 2159 Tibi
1439 2137 1497 2159 me
1522 2137 1611 2170 eqo,
1645 2127 1680 2160 si

297 2188 409 2234 'fidem
437 2199 566 2221 servas
593 2199 743 2225 mecum,
777 2187 932 2219 Vincam
957 2198 1026 2230 pro
1054 2199 1173 2220 aurea
1199 2192 1334 2221 statua
1358 2192 1538 2221 statuam.
1603 2186 1678 2221 Fu-

302 2253 431 2282 turum
457 2247 619 2294 simplcx
645 2259 756 2293 quam
792 2246 899 2279 tenui
927 2245 1150 2279 discrimine
1187 2247 1233 2279 ab
1261 2252 1394 2282 exacto
1423 2248 1465 2282 in
1494 2247 1563 2282 tali
1590 2260 1680 2283 eon·

303 2310 502 2344 iunctione
529 2308 723 2342 interdum
759 2307 877 2341 distet
916 2307 1030 2341 etiam
1055 2306 1157 2352 apud
1182 2307 1306 2342 bonos
1331 2320 1455 2354 prosae
1491 2309 1679 2343 orationis

304 2371 534 2417 scriptores,
570 2382 681 2404 ncmo
716 2371 878 2415 ignorat.
945 2368 1127 2415 copulati
1164 2368 1271 2402 nullo
1308 2369 1531 2404 discrimine
1555 2370 1679 2405 futuri

304 2432 493 2479 simplicis
531 2437 570 2466 et
610 2432 731 2465 exacti
758 2431 1004 2465 memorabile
1033 2430 1246 2477 exemplum
1271 2434 1328 2463 cst
1352 2430 1394 2464 in
1417 2430 1502 2477 lege
1532 2431 1678 2467 Rubria

305 2494 352 2530 de
378 2494 473 2529 Gall.
500 2493 642 2539 Cisalp.
670 2492 742 2526 col.
767 2496 789 2525 2
815 2504 847 2528 v.
872 2495 893 2525 4
921 2504 1003 2538 sqq.
1032 2493 1089 2526 sei
1118 2511 1156 2516 —
1184 2492 1380 2539 confessus
1406 2493 1478 2527 erit
1504 2506 1624 2541 neque
1643 2513 1679 2520 -

306 2557 423 2592 solvet
458 2558 600 2590 satisve
628 2554 751 2599 faciet
788 2559 858 2588 aut
891 2567 931 2588 se
957 2574 999 2580 —-
1027 2567 1099 2588 non
1124 2553 1304 2597 desendet
1329 2555 1427 2589 seive
1452 2572 1501 2580 —
1524 2567 1599 2588 mm
1624 2566 1679 2589 re-

305 2622 500 2666 sponderit
526 2630 646 2664 neque
668 2617 789 2661 faciet
816 2615 879 2660 δέ.
908 2620 944 2649 ct
971 2627 1003 2649 v.
1029 2618 1071 2648 16
1098 2626 1180 2661 sqq.
1205 2616 1294 2660 quei
1315 2627 1355 2648 se
1382 2633 1424 2640 —
1451 2627 1526 2648 mm
1551 2614 1678 2660 defen-

306 2683 406 2716 derit
433 2686 502 2715 ant
533 2681 571 2712 in
604 2681 685 2712 iure
721 2690 796 2711 non
830 2678 1067 2722 responderit
1093 2688 1211 2723 neque
1233 2676 1275 2708 id
1299 2675 1416 2708 solvet
1443 2676 1585 2709 satisve
1617 2676 1679 2720 fa-

307 2744 380 2777 ciet
406 2742 470 2787 (9-0.
498 2738 611 2785 (addc
637 2751 671 2773 v.
691 2742 735 2771 36
756 2742 793 2770 et
810 2741 881 2778 37).
931 2737 1076 2772 Eodem
1101 2735 1213 2769 modo
1231 2735 1363 2768 Livius
1392 2736 1491 2770 dixit
1515 2736 1679 2780 XXXV,

306 2806 365 2844 35,
389 2806 430 2836 ῖς
471 2802 550 2847 Qui
573 2806 774 2835 cunctatus
807 2800 929 2844 fuerit
964 2806 1001 2834 et
1037 2811 1144 2833 sinim
1176 2797 1370 2831 consilinm
1405 2811 1481 2834 meo
1516 2800 1679 2845 interpu-

309 2868 385 2903 τιεί,
413 2865 524 2903 sciat,
559 2865 647 2896 cett.
676 2865 713 2896 et
739 2859 928 2906 Virgilius
958 2860 1093 2905 Georg.
1119 2858 1150 2898 1,
1179 2860 1343 2894 155-157.
