1821 3309
298 213 364 260 50

234 349 502 393 incommode
518 348 749 397 nominari,
775 345 976 387 Ernestio
1001 353 1042 385 et
1066 344 1307 385 Garatonio
1332 344 1571 392 assemior;
1595 358 1695 386 nam

232 444 363 484 supra
403 426 582 475 Cicero,
633 439 763 480 quum
807 438 978 465 omnem
1026 421 1339 478 rempublicam
1371 423 1697 478 contrariasque

234 510 365 550 etiam
397 504 481 546 sibi
514 503 702 544 Caesaris
741 512 783 544 et
816 502 941 544 Balbi
973 511 1120 558 partes
1152 499 1548 555 complectebatur,
1579 509 1697 542 recte

234 592 280 628 in
313 588 474 627 nostris
505 582 736 624 discordiis
764 582 904 632 dixit3
948 595 1123 631 eorum,
1155 581 1228 635 qui
1261 588 1351 620 tum
1380 577 1697 635 aliquantisper

236 666 339 707 victi
373 669 499 711 sunt,
543 662 587 701 in
619 674 802 715 quorum
847 661 1132 715 oppressione
1165 666 1296 713 negat
1323 655 1511 699 Balbum
1545 656 1698 699 exsul-

235 753 375 791 tasse,
419 738 646 780 discordiae
694 736 824 778 nullae
866 745 1011 785 erant3
1068 745 1111 776 et
1152 749 1303 776 omnes
1344 736 1510 777 iudices
1542 734 1697 777 Cicero

235 832 440 876 tanquam
481 829 658 858 suarum
698 817 742 855 in
795 813 875 856 illa
917 815 1190 856 dissensione
1229 815 1420 869 partium
1462 813 1699 869 alloquitur

235 902 375 954 iisque
423 894 610 936 Balbum
654 893 708 934 ob
749 893 1092 934 moderationem
1140 892 1429 934 commendat.
1505 891 1699 933 Omnino

235 985 333 1034 post
362 974 465 1015 illa:
504 976 551 1013 in
595 984 661 1012 me
700 985 830 1012 unum
860 994 915 1002 --
944 969 1236 1023 incumberet,
1280 985 1328 1012 se
1360 969 1502 1012 solum
1532 984 1697 1026 suaque

237 1064 577 1097 commemorare
600 1057 756 1104 potest.
818 1049 902 1090 Sed
935 1051 1129 1104 apertius
1161 1050 1253 1090 fere
1283 1050 1625 1090 additamentum
1655 1049 1700 1089 in

235 1132 454 1189 proximis
485 1143 612 1170 nemo
646 1128 786 1168 adhuc
821 1128 942 1168 vidit.
1020 1126 1162 1176 Quam
1199 1135 1265 1168 est
1299 1133 1413 1169 enini
1442 1126 1700 1168 ridiculum:

238 1212 433 1252 lacrimis
462 1221 576 1249 meos
604 1206 877 1247 sublevavit!
922 1205 1035 1260 quod
1079 1220 1132 1247 ne
1168 1205 1392 1247 Ciceronis
1437 1204 1566 1261 culpa
1595 1205 1699 1246 ridi-

238 1286 385 1330 culum
415 1300 511 1326 esse
545 1293 736 1341 putetur,
769 1284 974 1340 prohibet
1005 1286 1189 1340 primum
1224 1285 1393 1325 numeri
1426 1282 1700 1324 dissimilitu-

236 1367 307 1416 do,
337 1363 497 1420 plurali
526 1363 609 1404 hoc
637 1378 722 1404 uno
755 1365 868 1404 inter
900 1364 983 1404 tria
1005 1361 1248 1418 singularia
1266 1364 1513 1413 interiecto,
1544 1362 1700 1402 deinde

240 1447 389 1499 inepta
421 1450 464 1483 et
495 1442 818 1482 coacervationi
854 1443 1071 1481 contraria
1111 1442 1328 1496 separatio
1362 1442 1587 1481 notionum
1630 1454 1702 1480 co-

238 1531 496 1579 gnatarum3
528 1534 627 1560 nam
645 1517 804 1570 officio,
838 1533 970 1573 opera
989 1520 1236 1560 necessario
1257 1518 1561 1573 coniungenda
1583 1525 1699 1558 sunt.

238 1600 331 1642 Nec
362 1602 479 1641 omui
509 1598 563 1639 ad
594 1599 801 1638 lacrimas
833 1606 980 1653 aptum
1011 1605 1102 1648 est,
1150 1598 1201 1638 ad
1241 1605 1383 1638 cetera
1417 1598 1500 1638 tria
1530 1597 1703 1649 aptissi-

237 1693 372 1719 mum.
431 1678 533 1727 Sed,
564 1685 612 1717 ut
646 1677 812 1726 dicam,
848 1675 962 1731 quod
1013 1677 1181 1726 sentio,
1224 1675 1322 1716 illas
1364 1674 1570 1716 lacrimas
1616 1688 1701 1715 non

239 1770 342 1797 casu
379 1769 503 1811 piene
534 1753 784 1795 incredibili
820 1754 890 1794 hic
921 1761 1065 1803 ortaS,
1109 1753 1185 1792 sed
1220 1767 1278 1793 ex
1311 1754 1538 1807 superiore
1566 1767 1702 1794 versu

240 1835 322 1875 huc
354 1832 522 1874 delatas
554 1840 687 1888 puto3
733 1831 1113 1887 (quemadmodum
1147 1845 1181 1873 c.
1212 1832 1282 1881 21,
1313 1832 1369 1870 48
1413 1832 1453 1870 in
1499 1829 1702 1871 omnibus

239 1913 362 1953 codd.
408 1925 565 1953 nomen
607 1909 861 1965 Spoletinus·
899 1923 958 1950 ex
1001 1907 1301 1964 superioribus
1350 1909 1582 1964 repetitum
1635 1917 1702 1949 est

238 1992 351 2030 inter
392 1994 625 2030 accusaret
656 1996 698 2028 et
732 1988 877 2037 dexte,
925 1986 1113 2028 exclusa
1159 1988 1422 2042 negatione,
1472 2001 1602 2042 quum
1640 1985 1702 2027 ibi

240 2069 450 2108 omissum
481 2075 598 2107 esset
639 2081 811 2114 errore3
863 2080 898 2106 c.
933 2068 989 2105 20
1022 2074 1194 2115 autem,
1226 2068 1249 2116 ξ
1278 2067 1335 2105 46
1361 2067 1403 2105 in
1439 2065 1630 2106 secunda
1660 2074 1703 2105 et

239 2146 369 2193 tertia
411 2144 606 2185 codicum
649 2144 819 2184 familia
861 2158 919 2184 ex
960 2143 1053 2184 his:
1099 2144 1329 2198 religione,
1370 2146 1593 2198 (equitate.
1655 2142 1703 2183 Is

238 2226 378 2277 igitur
407 2222 612 2263 effectum
648 2230 737 2264 est:
787 2223 1018 2276 religionis
1050 2224 1191 2276 igilur
1221 2224 1468 2277 oeqm‘tccleg)
1514 2221 1702 2277 indeque

240 2309 385 2344 natam
427 2299 608 2341 alteram
657 2299 1041 2355 interpolationem
1082 2300 1224 2340 credo.
1291 2300 1390 2340 Fuit
1436 2300 1571 2353 igitur
1615 2299 1702 2340 for—

240 2390 355 2421 tasse
387 2393 412 2420 a
444 2376 656 2419 Cicerone
691 2379 753 2418 sic
786 2380 1020 2434 scriptum:
1051 2382 1097 2418 in
1129 2380 1271 2417 rm'm's
1298 2380 1458 2417 nostres
1487 2377 1702 2418 lacrimis-

239 2471 335 2513 que.
400 2456 546 2506 Quum
574 2464 690 2497 esset
720 2460 767 2496 in
785 2461 927 2498 ruinis
943 2459 1205 2510 nostrisque,
1234 2456 1502 2510 geminatum
1525 2463 1702 2511 propter

239 2533 498 2590 particulam
538 2549 780 2591 pronomen
828 2544 891 2576 est
938 2543 980 2575 et
1026 2533 1349 2576 substantivum
1399 2533 1614 2574 adiectum
1655 2532 1700 2584 ¹).

268 2727 298 2770 ‘)
334 2725 392 2759 De
422 2737 499 2771 cap.
525 2729 594 2766 27,
630 2729 676 2759 60
713 2726 791 2760 dixi
822 2731 931 2761 antea
959 2739 994 2773 p.
1021 2730 1054 2761 8.
1095 2723 1139 2759 ln
1166 2727 1183 2770 ξ
1213 2728 1255 2759 61
1286 2736 1400 2771 prave
1428 2725 1601 2760 additum
1628 2727 1699 2761 ali-

331 2799 440 2836 quam
484 2786 609 2833 (quasi
646 2798 721 2820 una
756 2787 883 2834 aliqua
918 2787 1110 2823 sententia
1143 2786 1372 2822 moderanda
1400 2792 1523 2827 esset,
1549 2798 1593 2822 ac
1620 2799 1698 2822 non

332 2847 510 2883 universa
539 2848 749 2890 sententia,
788 2849 826 2883 id
861 2854 939 2890 est,
983 2853 1061 2885 tota
1100 2848 1146 2883 «le
1174 2848 1289 2883 rebus
1314 2847 1480 2894 publicis
1506 2846 1696 2883 sentiendi
