1821 3309
1400 181 1502 233 333

106 322 284 381 plurimi
311 323 566 382 interpolati
592 334 694 367 sunt
723 325 769 367 in
799 332 907 368 orat.
939 323 1006 368 111
1033 329 1056 380 ς
1087 327 1155 380 18,
1183 325 1273 379 ubi,
1303 325 1418 383 quod
1451 333 1568 369 recte

105 404 209 445 inde
252 420 278 446 a
321 404 547 462 Naugerio
590 406 754 447 editum
792 414 873 456 est,
909 403 1138 446 confirmat
1172 406 1315 447 codex
1347 405 1569 449 salisbur-

106 484 256 539 gensis
284 499 380 525 cum
411 483 549 525 tribus
574 483 897 526 parisiensibus
925 485 1039 540 apud
1069 485 1429 528 Steinmetzium:
1455 486 1571 542 quod

108 567 190 604 vix
229 563 403 605 videtur
442 562 624 604 humani
663 564 841 604 consilii
871 570 1092 605 tamarum
1125 578 1267 604 rerum
1303 564 1566 620 gahernalio

108 655 201 683 esse
233 647 443 698 potuisse.
510 643 597 685 Sed
644 658 775 699 quum
816 642 951 684 vei-ba
985 657 1070 684 non
1106 652 1224 683 recte
1259 644 1566 686 ordinarentur

107 736 189 764 nec
220 722 542 778 intelligeretur
588 722 680 764 haec
722 724 999 764 coniunctio:
1032 720 1213 763 humani
1254 723 1432 763 consilii
1462 737 1567 774 esse,

107 799 192 843 hoe
233 811 321 853 est,
366 803 410 843 in
452 802 688 843 humanum
730 801 959 843 consilium
1005 810 1048 842 et
1089 801 1361 857 prudentiam
1399 803 1570 854 cadere,

108 879 233 922 locus
263 882 640 938 interpretantium
674 891 716 924 et
746 881 1105 937 interpolantium
1139 880 1416 922 sedulitatem
1447 883 1572 923 ‘exci-

109 961 234 1011 tavit‚
288 976 470 1017 quorum
517 963 683 1018 primus
729 971 910 1003 conatus
955 970 1135 1017 apparet
1175 963 1219 1002 in
1266 962 1414 1002 codice
1460 962 1567 1012 ΕΗΖ,

107 1039 208 1082 Par.
252 1041 306 1092 5,
349 1041 619 1082 Franciano:
681 1042 795 1097 quod
837 1045 919 1081 via:
962 1041 1138 1082 videtur
1178 1039 1358 1081 humani
1395 1042 1574 1082 consilii

110 1125 331 1161 tantarum
366 1120 482 1173 (Par.
515 1121 557 1170 5,
595 1120 746 1161 Franc.
780 1123 968 1175 tantam)
1000 1120 1149 1160 molem
1183 1133 1324 1160 rerum
1352 1119 1573 1175 guberna-

109 1201 173 1240 tio
219 1203 430 1254 consequi
459 1203 684 1254 poluisse,
741 1207 789 1240 ut
833 1200 1123 1256 coniungatur
1163 1198 1345 1240 liunmui
1396 1200 1575 1241 consilii

105 1277 394 1333 gubernatiog
438 1280 595 1321 deinde
627 1279 805 1334 longius
847 1280 1071 1335 progressi
1113 1280 1174 1320 sic
1207 1280 1473 1334 scripserunt
1508 1281 1573 1333 (in

109 1355 454 1414 Tegernseensi,
482 1358 829 1414 Rhenaugiensi,
863 1360 1021 1398 ceteris
1052 1357 1315 1414 plerisque):
1348 1358 1463 1413 quod
1491 1362 1573 1400 vix

109 1436 285 1478 videtur
323 1438 567 1492 (videretur
609 1436 721 1492 Teg.
749 1445 792 1478 et
824 1437 1010 1478 sortasse
1041 1437 1118 1478 alii
1148 1437 1338 1494 quidam)
1374 1436 1574 1480 humanis

111 1517 309 1558 consiliis
329 1522 494 1558 tantam
519 1517 667 1557 molem
691 1530 832 1557 rerum
853 1516 1117 1572 gubernatio
1142 1521 1347 1572 consequi
1360 1521 1571 1572 poluisse.

109 1596 338 1638 Postremo
396 1596 556 1637 codicis
613 1595 843 1637 parcensis
901 1597 1031 1652 (apud
1073 1595 1308 1650 Orellium)
1364 1595 1572 1638 librarius

110 1677 261 1717 molem
304 1675 426 1717 illam
469 1677 640 1725 vitavit,
684 1675 760 1716 sed
799 1675 886 1717 alio
929 1676 1056 1717 modo
1087 1678 1150 1717 sic
1193 1675 1329 1717 verba
1360 1679 1573 1733 eorrupit:

110 1753 310 1797 humanis
363 1756 560 1796 consiliis
611 1761 833 1796 tantarum
874 1770 1015 1797 rerum
1064 1755 1428 1811 gubernationem
1477 1760 1574 1812 quis

111 1839 319 1891 consequi
332 1835 594 1891 poluisse.¹)
655 1835 817 1876 Eadem
849 1835 1202 1892 interpolationis
1232 1845 1306 1877 aut
1332 1838 1573 1878 communis

111 1923 187 1957 aut
216 1917 423 1957 seiunctae
466 1924 509 1956 et
544 1916 588 1956 in
622 1913 947 1970 Tegernseensi
979 1914 1154 1972 longius
1187 1930 1430 1973 progressae
1462 1918 1573 1958 ratio

110 1996 302 2051 perspici
345 2002 489 2051 potest
533 1994 611 2047 (ne
645 1996 791 2035 omnia
825 1993 1024 2050 pluribus
1056 1993 1202 2035 verbis
1236 1996 1491 2050 persequar)
1529 1997 1574 2037 in

111 2075 181 2116 his
212 2074 345 2115 loeis:
392 2073 474 2125 ΙΙΙ,
519 2076 574 2115 17
613 2073 745 2129 (Teg.
791 2083 833 2115 et
876 2074 1001 2115 multi
1045 2079 1176 2114 testes
1219 2074 1419 2129 denique,
1451 2076 1576 2130 quasi

111 2169 198 2196 non
228 2156 402 2211 signum
437 2162 480 2194 et
523 2152 680 2194 litterae
726 2162 858 2194 testes
902 2152 1201 2209 appellentur3
1245 2164 1363 2195 recte
1406 2153 1576 2206 Calon„

111 2233 271 2286 Rhen.‚
302 2232 398 2282 alii)
423 2233 488 2287 ²);
521 2232 601 2284 Ill,
632 2235 687 2274 18
715 2232 876 2287 (Rhen.
910 2238 957 2273 ut
987 2239 1112 2274 terrae
1149 2239 1286 2274 motus
1315 2235 1575 2291 relinquam,

113 2319 165 2355 ut
192 2316 385 2353 omittam
427 2318 588 2363 cetera,
635 2316 776 2368 quoe),·
812 2311 894 2363 ΙΙΙ,
926 2313 982 2353 20
1018 2314 1113 2368 (pro
1144 2313 1415 2366 locaverunt,
1460 2314 1575 2370 quod

139 2506 174 2553 ¹)
210 2505 390 2542 Rlotzius
427 2506 579 2541 codices
616 2505 869 2553 interpolatos
913 2504 1044 2551 (Teg.‚
1079 2505 1294 2553 Rhenaug.)
1329 2506 1382 2542 ita
1419 2512 1575 2543 secutus

207 2572 291 2609 est,
325 2571 369 2601 ut
403 2568 516 2603 etiam
552 2580 572 2603 e
606 2569 695 2615 Teg.
722 2569 915 2603 videretur
941 2568 1137 2603 scriberet.
1198 2569 1386 2604 Sufficere
1409 2575 1503 2617 puto
1529 2572 1577 2605 ad

205 2628 480 2666 refutationem
504 2629 815 2676 interpolationis
840 2629 1041 2665 historiam
1067 2642 1181 2678 supra
1207 2631 1440 2678 expositam;
1477 2632 1576 2667 addo

206 2697 347 2733 tamen,
370 2703 542 2736 magnam
563 2693 853 2738 perversitatem
876 2691 1017 2727 habere
1041 2692 1329 2739 gubernationis
1355 2706 1494 2729 nomen
1521 2695 1577 2729 sie

207 2754 311 2789 nude
335 2753 529 2801 positum,
569 2759 612 2788 ut
642 2766 713 2789 nee
742 2754 852 2789 cuius
878 2766 1050 2802 personae
1076 2767 1148 2790 nee
1173 2768 1334 2804 quarum
1359 2768 1487 2792 rerum
1511 2756 1577 2799 sit,

210 2814 381 2850 dicatur:
414 2817 640 2862 gubernatio
666 2829 741 2851 ηοη
761 2822 886 2863 potest
909 2818 1037 2854 molem
1064 2832 1188 2858 rerum
1212 2821 1399 2868 consequi.

77 2894 88 2901 κ
139 2876 176 2922 ²)
209 2875 387 2912 Rlotzius
412 2888 566 2924 pravam
591 2879 820 2928 scripturam
845 2879 982 2918 tenuit.
