1821 3309
1424 214 1528 266 205

114 356 364 414 Licinoque
405 359 724 412 numerantur)
764 364 807 398 et
851 358 959 410 12⁰,
1012 359 1070 399 20
1128 357 1358 410 (Licinum
1404 357 1592 409 divitiis,

113 437 326 494 Apicium
380 441 552 489 coenis,
609 437 904 479 Moecenatem
955 437 1130 478 deliciis
1166 438 1466 491 provocant),
1518 438 1594 493 qui

114 517 367 572 Augustum
409 531 497 557 non
540 517 766 565 nominat,
819 516 923 566 sed,
973 528 1154 570 prorsus
1195 523 1244 555 ut
1282 514 1508 557 Iuvenalis
1551 524 1595 557 et

112 595 316 646 Persius,
372 609 451 648 pro
504 594 720 635 ditissimo
769 593 947 635 homine
991 593 1074 635 hoc
1119 608 1278 635 nomen
1318 595 1466 650 ponit3
1515 595 1593 636 sed

113 673 537 731 Schweighauserus
563 683 749 730 utroque
773 672 871 714 loco
896 687 955 714 ex
984 672 1188 715 omnibus
1213 671 1452 725 codicibus,
1483 687 1594 730 quos

112 752 268 795 habuit
310 754 721 809 praestantissimos,
770 752 951 794 Licinio
992 762 1034 794 et
1082 753 1306 794 Licinium
1347 751 1592 809 scripsit.¹)

113 831 300 874 Restant
324 833 580 884 Suetonius,
612 832 725 888 apud
751 847 878 888 quem
900 833 944 873 in
970 834 1111 887 capite
1134 832 1190 876 67
1213 834 1315 874 vitae
1340 831 1594 884 Octaviani,

110 910 188 953 ubi
218 910 404 953 libertos
428 913 522 952 eius
548 913 768 968 gratiosos
793 921 1121 963 commemorat,
1155 913 1297 953 editur
1327 911 1442 953 fere:
1464 910 1591 952 Lici-

111 993 230 1032 nium
255 989 528 1032 Enceladum
561 991 775 1045 aliosque,
807 991 883 1031 sed
921 1006 944 1031 e
968 991 1164 1031 codicum
1186 991 1389 1046 vestigiis
1412 989 1592 1031 Ouden-

111 1069 291 1125 dorpius
322 1071 537 1110 restitnit:
573 1069 794 1120 Licinum,
835 1068 1025 1120 Eanum,
1072 1068 1296 1121 Celadum,
1327 1083 1590 1125 quamquam

112 1146 318 1189 Licinum
344 1147 625 1189 Liciniumne
654 1149 832 1205 propius
867 1148 1070 1199 accedat,
1105 1162 1189 1189 non
1221 1148 1366 1199 dicas,
1397 1156 1440 1189 et
1463 1148 1591 1190 Sido·

109 1227 209 1266 nius
241 1225 544 1282 Apollinaris,
582 1243 607 1268 a
644 1242 727 1283 quo
764 1226 841 1268 lib.
874 1227 913 1269 V
942 1229 1068 1283 epist.
1097 1230 1125 1269 7
1163 1228 1373 1283 permixti
1413 1242 1590 1268 enume—

110 1313 262 1347 rantur
295 1313 498 1360 potentes
534 1306 757 1348 Caesarum
793 1305 941 1348 liberti
978 1316 1020 1347 et
1052 1306 1290 1356 delatores,
1369 1305 1591 1357 'arcies-m,

112 1384 357 1436 Asiaticus,
390 1385 565 1437 Massa,
602 1386 862 1436 Marcellus,
897 1385 1050 1436 Carus,
1075 1384 1355 1434 Partheni-'1133
1389 1384 1591 1437 Licinus,

111 1463 292 1512 Pallas,·
327 1478 425 1506 nam
461 1466 524 1505 sic
555 1464 616 1506 ibi
653 1466 813 1515 editur,
850 1463 1049 1505 Licinus.
1129 1463 1243 1514 Quid
1273 1464 1408 1520 igitur
1439 1478 1590 1506 cense-

112 1542 287 1584 bimus}
334 1542 522 1599 opinor,
550 1545 735 1599 primum
780 1558 864 1585 non
897 1542 1150 1584 dubitanter
1194 1557 1328 1584 unum
1366 1542 1589 1586 hominem

110 1623 153 1662 in
187 1621 392 1663 omnibus
421 1621 489 1662 his
520 1621 648 1672 locis,
684 1623 858 1665 Horatii
882 1624 1069 1665 fortasse
1095 1630 1301 1678 excepto,
1334 1622 1589 1680 intelligen-

109 1700 211 1741 dum
255 1715 352 1742 esse
388 1701 662 1756 putabimus;
708 1703 865 1744 deinde
898 1705 992 1744 eius
1029 1716 1179 1743 verum
1214 1714 1375 1742 nomen
1404 1701 1592 1743 Licinus

110 1779 222 1835 apud
255 1788 425 1835 poetas,
458 1789 596 1821 metro
629 1781 908 1833 defendente,
941 1790 1164 1823 servatum
1189 1794 1304 1830 esse,
1337 1788 1465 1821 extra
1485 1795 1589 1837 poe·

107 1867 175 1900 tas
221 1859 265 1899 in
310 1858 644 1901 celeberrimum
688 1860 959 1902 Liciniorum
1004 1875 1163 1902 nomen
1208 1867 1447 1911 mutatum,
1515 1863 1589 1916 qui

108 1952 238 1993 quam
284 1937 492 1993 proclivis
538 1939 672 1980 fuerit
715 1954 863 1992 error,
919 1940 990 1981 vel
1043 1939 1144 1980 inde
1187 1938 1464 1994 perspicuum
1509 1948 1590 1988 est,

108 2016 222 2072 quod
265 2025 340 2057 aut
374 2018 459 2072 ipsi
492 2017 633 2058 Persii
665 2026 707 2059 et
739 2017 964 2059 Iuvenalis
1001 2016 1265 2067 scholiastae,
1306 2030 1438 2072 quum
1468 2016 1586 2058 aliud

110 2109 270 2136 nomen
318 2097 358 2136 in
399 2105 537 2152 poetae
571 2111 702 2138 versu
736 2096 974 2148 haberent,
1031 2096 1191 2138 salsum
1236 2105 1477 2152 posuerunt
1515 2106 1587 2138 aut

108 2183 312 2230 corrupta
344 2189 494 2217 eorum
528 2178 743 2233 scriptura
775 2191 800 2218 a
844 2175 1039 2217 librariis
1083 2183 1163 2217 est.
1229 2173 1406 2231 Ubique
1454 2176 1589 2232 igitur

111 2253 224 2308 apud
255 2253 439 2296 Latinos
474 2254 676 2296 Licinum
709 2257 882 2297 restitui
915 2254 1098 2304 iubeb03
1134 2269 1232 2296 nam
1264 2253 1468 2305 Dionem,
1502 2269 1588 2296 non

109 2333 405 2384 intercedam,
446 2335 482 2374 si
532 2336 629 2390 quis
673 2335 789 2376 dicat
832 2332 1031 2376 Graecum
1075 2334 1174 2391 plus
1217 2332 1389 2375 duobus
1428 2333 1589 2375 seculis

110 2419 209 2465 post
236 2411 484 2467 Augustum
516 2413 657 2467 ipsum
692 2412 921 2454 aberrasse
952 2429 977 2454 a
1015 2429 1134 2464 vera,
1165 2413 1243 2454 sed
1274 2426 1372 2453 rara
1398 2413 1587 2453 nominis

109 2490 266 2540 forma,
318 2504 402 2545 quo
438 2491 698 2546 cognomine
735 2498 777 2531 et
810 2490 954 2532 Porcii
988 2500 1030 2532 et
1064 2490 1191 2532 Fabii
1222 2491 1289 2530 usi
1321 2496 1437 2530 sunt.

140 2593 167 2633 ¹)
206 2590 250 2625 111
277 2602 488 2637 paucorum
526 2591 703 2626 manibus
739 2591 805 2626 illa
844 2590 1179 2638 Schweiglmuseri
1217 2590 1335 2626 editio
1374 2601 1457 2626 esse
1485 2591 1586 2627 vide-

201 2657 288 2695 tur3
316 2665 545 2700 quamquam
568 2653 683 2700 pauci
713 2654 869 2689 omnino
896 2654 991 2688 istas
1009 2653 1192 2700 epistolas
1210 2653 1367 2699 legunt;
1397 2652 1463 2688 scd
1483 2658 1586 2689 tanta

201 2719 261 2750 est
285 2715 444 2750 illorum
471 2715 648 2750 codicum
674 2716 923 2763 praestantia,
950 2721 1017 2757 ut,
1053 2715 1119 2763 qui
1142 2715 1254 2749 illine
1281 2715 1499 2751 testimonia
1527 2728 1587 2750 su-

199 2787 302 2811 mere
337 2777 454 2819 velit,
496 2777 589 2812 satis
621 2782 706 2812 tuto
741 2790 821 2812 non
857 2783 981 2812 sumat
1006 2778 1080 2813 nisi
1109 2776 1456 2823 Schweighauscro
1483 2777 1586 2812 adhi-

202 2837 295 2872 bito.
358 2839 497 2884 [Video
546 2851 651 2874 nunc
698 2839 780 2874 cius
829 2839 1011 2875 editionis
1049 2839 1312 2888 praestantiam
1350 2838 1586 2874 intellectam

203 2910 286 2934 csse
312 2912 331 2934 a
361 2900 553 2937 Fickerto.
583 2903 701 2946 1842]

545 2970 1186 2990 --——————-—=-—--——--—-
