1821 3309
283 174 378 225 166

217 315 382 357 tribula
428 320 585 371 cupitis
621 318 799 355 comicia
832 317 933 353 rata
967 324 1059 354 esse
1085 325 1217 368 posse
1250 325 1389 368 neque
1424 314 1517 355 ulla
1543 318 1687 369 privi-

217 396 347 449 lege‘z'.‘
401 392 487 435 Sed
523 394 699 435 comitia
731 395 837 448 gere·
863 392 996 433 armis
1027 405 1169 448 neque
1203 392 1320 434 dixit
1350 392 1580 449 quisquam
1610 406 1686 434 ne-

218 487 301 529 que
332 471 476 514 dicere
506 473 663 528 potuit.
730 469 860 513 Cotta
903 472 1094 527 primum
1135 472 1388 513 universam
1431 470 1556 514 illam
1597 485 1689 514 rem

219 552 272 594 de
315 550 528 594 Cicerone
583 550 798 593 eiiciendo
850 551 895 592 vi
946 559 1116 607 gestam
1160 552 1338 593 dixerat
1380 550 1690 607 (praeterquam

219 631 336 687 qnod
366 632 449 672 illa
479 636 624 672 essent
651 633 784 672 armis
811 631 971 685 gesta),
1007 630 1164 672 deinde
1196 632 1373 672 comitia
1399 629 1691 686 reprehende·

221 720 288 754 rat
332 719 482 753 contra
528 709 652 766 leges
698 708 863 750 habita.
928 708 1158 751 Librarius
1207 709 1393 765 aliquis,
1435 710 1510 765 qui
1552 710 1694 750 omnis

223 791 352 832 huius
394 790 481 831 loci
514 789 854 844 disputationem
901 787 954 829 de
986 789 1174 830 comitiis
1205 801 1302 829 esse
1339 786 1530 839 videbat,
1562 789 1693 829 etiam

224 871 275 912 ad
308 884 550 928 pronomen
591 869 674 909 illa
717 882 813 909 eam
845 882 999 910 vocem
1031 867 1273 910 addendam
1305 868 1489 923 putavit.
1555 865 1698 908 Abest

225 965 276 992 ea
303 965 326 991 a
363 949 455 992 cod.
481 948 630 990 Oxon.
670 957 718 1003 ψ.
777 946 1057 990 Vocabulum
1076 952 1370 1003 praeterquam
1405 960 1508 988 num
1540 944 1695 989 Cicero

227 1031 310 1071 hoc
356 1043 441 1070 uno
485 1027 584 1069 loco
633 1025 834 1067 diviserit
874 1027 1133 1082 interposito
1169 1030 1297 1077 enim,
1345 1025 1474 1068 valde
1517 1024 1696 1068 dubium

226 1117 314 1159 est3
355 1122 454 1148 nam
490 1114 578 1148 tres
613 1103 850 1146 Goerenzii
881 1105 1079 1158 codices,
1116 1114 1204 1147 tres
1234 1106 1338 1146 item
1363 1103 1530 1147 Moseri
1563 1104 1697 1159 (vict.

227 1186 287 1241 Β)
317 1201 413 1229 mvn
452 1186 672 1235 omittunt,
709 1184 819 1240 quod
855 1199 938 1227 non
970 1198 1148 1241 prorsus
1180 1185 1473 1227 necessarium
1506 1182 1611 1240 est.]
