1821 3309
315 213 415 263 308
431 213 464 279 3

238 353 316 395 lib.
374 356 398 394 1
441 353 494 395 de
533 356 687 409 rep.V§
728 354 784 396 10
824 353 1079 410 exemplum
1113 354 1293 411 profert,
1335 355 1479 398 simile
1511 364 1643 409 esset,
1682 358 1723 398 εἰ

240 431 304 474 ibi
336 432 583 487 legeretur:
624 432 732 487 quid
749 430 918 482 facere
941 437 1258 488 potuissemuS,
1299 437 1392 475 υἱεῖ
1426 435 1580 475 consul
1593 434 1721 485 ,fuis-

237 513 362 565 sem.)
441 510 596 568 Neque
642 513 787 552 minus
836 511 1050 568 pluralem
1105 526 1333 553 numerum
1378 514 1546 569 respuit
1598 511 1723 556 Cice-

237 593 360 634 ronis
391 593 530 648 ipsius
560 600 604 632 et
644 592 775 631 unius
817 591 870 631 ab
906 600 1060 632 senatu
1103 593 1197 632 eius
1238 593 1481 632 sententias
1511 600 1724 648 sequente

242 672 478 727 separatio.
562 669 715 725 ltaque
768 685 874 710 vere
930 669 1208 711 Coloniensis
1272 671 1332 722 (si
1390 671 1519 712 modo
1574 671 1725 712 verius

243 750 358 791 hunc
402 749 604 790 Graevius
655 748 897 803 appellavit
939 763 1065 803 quam
1106 748 1426 802 Erfurtensem)
1470 757 1513 790 et
1553 748 1667 790 Gud.
1698 750 1723 790 1

244 839 288 871 et
328 831 414 870 duo
461 828 760 881 St,3V‘ictoi·is
806 828 978 868 codices
1021 828 1153 882 (apud
1194 826 1453 882 Gruterum)
1487 827 1651 883 aliique
1683 835 1727 868 et

242 924 268 950 a
303 908 493 949 Grutero
538 907 640 947 inde
693 906 908 947 editiones
953 906 1123 960 priores
1162 905 1326 947 habent
1357 905 1562 958 solebam,
1594 906 1725 961 idque
1757 907 1767 913 “

244 986 501 1029 Marcianus
533 984 719 1040 Capella
750 985 792 1026 V
819 1000 859 1039 p.
893 986 976 1024 162
1005 982 1128 1027 Grot.
1160 983 1403 1026 confirmat.

358 1069 382 1117 ξ
423 1067 451 1106 2
490 1066 623 1105 iidem
681 1064 871 1104 editores
918 1078 941 1103 e
985 1063 1234 1114 codicibus,
1289 1065 1362 1119 qui
1415 1062 1621 1104 meliores
1661 1062 1725 1103 di-

246 1152 417 1195 cuntur,
459 1151 502 1183 et
542 1143 691 1198 paucis
737 1141 836 1182 aliis
869 1141 980 1182 hanc
1008 1143 1265 1196 scripturam
1303 1151 1565 1197 posuerunt:
1615 1140 1729 1182 Cru-

247 1225 359 1266 delis
395 1221 575 1271 Castor,
615 1234 670 1261 ne
712 1220 854 1260 dicum
897 1221 1158 1260 sceleratam
1200 1225 1243 1260 el
1287 1223 1486 1274 impium,
1534 1223 1613 1275 qui
1643 1224 1728 1260 etc.

245 1317 325 1357 pro
373 1315 440 1351 ea,
484 1313 613 1355 quam
659 1297 940 1338 Coloniensis
986 1306 1028 1337 et
1060 1296 1173 1337 Gud.
1204 1299 1227 1337 1
1261 1306 1304 1337 et
1338 1299 1602 1339 deteriorum
1635 1297 1729 1353 ple-

245 1381 372 1435 rique
416 1375 579 1418 habent
620 1377 957 1432 superioresque
998 1376 1134 1416 secuti
1177 1383 1324 1417 erant:
1371 1375 1596 1416 Crudelem
1645 1375 1729 1417 Ca-

248 1463 424 1506 storem,
466 1459 546 1512 quz'
584 1461 667 1496 etc.
734 1453 861 1504 Quod
905 1469 1034 1509 quam
1077 1468 1211 1507 prave
1257 1454 1468 1505 fecerint,
1512 1455 1607 1509 ipse
1647 1451 1730 1494 Be-

247 1536 433 1579 neckius
478 1535 608 1583 dicit,
669 1532 838 1574 nullum
886 1547 932 1573 se
985 1532 1212 1573 confessus
1251 1531 1507 1588 exemplum
1549 1531 1729 1583 habere,

247 1617 292 1656 in
338 1629 423 1671 quo
467 1613 535 1654 bis
577 1611 726 1653 verbis
770 1625 824 1652 ne
871 1612 1013 1652 dicam
1051 1625 1136 1651 non
1175 1611 1304 1661 idem,
1337 1613 1410 1666 qui
1441 1613 1731 1671 praecesserit,

250 1708 378 1736 casus
418 1691 691 1734 subiiciatur.
761 1689 949 1741 Addam,
993 1691 1211 1731 neminem
1253 1704 1314 1730 ex
1351 1691 1622 1731 nominativo
1659 1703 1730 1730 ac-

251 1774 498 1816 cusativum
538 1771 797 1811 effecturum
839 1769 1002 1818 fuisse,
1057 1777 1233 1819 contra,
1276 1783 1408 1823 quum
1453 1769 1731 1809 aecusativus

248 1854 293 1893 in
323 1848 619 1892 exclamando
654 1849 821 1903 positus
852 1862 937 1888 non
970 1846 1314 1900 intelligeretur,
1361 1846 1556 1902 proclive
1593 1846 1732 1887 fuisse

251 1930 570 1972 nominativum
615 1925 846 1967 subiicere.
915 1925 982 1979 (In
1027 1923 1359 1980 Salisburgensi
1405 1933 1449 1965 et
1491 1923 1593 1965 aliis
1638 1925 1734 1979 qui-

252 2009 436 2051 busdam
476 2006 681 2048 scribitur
710 2003 1105 2046 etiamt'Crudele’s
1138 2002 1293 2044 Castor
1324 2004 1422 2054 est.)

369 2088 448 2138 §3
479 2087 524 2125 in
564 2084 633 2124 his
675 2082 848 2124 verbis:
899 2095 1025 2136 qnam
1067 2095 1113 2122 os
1154 2080 1377 2130 videbam,
1429 2092 1556 2134 quum
1601 2076 1736 2120 verba

257 2163 502 2212 audiebam,
547 2176 675 2216 quam
719 2169 818 2215 apte
857 2161 1084 2213 utriusque
1128 2172 1283 2198 sensus
1324 2159 1513 2198 offensio
1545 2169 1735 2197 comme-

256 2249 451 2283 moretur
504 2253 719 2294 quamque
770 2251 1001 2277 numerose
1059 2235 1256 2278 membra
1303 2236 1515 2276 orationis
1561 2233 1735 2281 cadant,

259 2333 387 2360 nemo
434 2332 520 2358 non
565 2318 713 2365 videt,
771 2316 844 2356 sed
888 2316 932 2355 in
977 2315 1099 2355 codd.
1146 2314 1256 2366 ΕΗΖ,
1310 2313 1424 2354 Gud.
1474 2314 1517 2362 2,
1570 2309 1733 2353 salisb.

257 2398 358 2438 Par.
402 2395 469 2437 XI
525 2395 773 2448 (Leidensis
816 2393 1014 2433 Orellius
1055 2400 1220 2433 tantum
1263 2391 1451 2432 selectas
1495 2391 1734 2444 scripturas

258 2475 400 2532 ponit)
453 2482 633 2529 propter
689 2471 878 2512 similem
938 2471 1291 2511 terminationem
1344 2469 1510 2523 (eham)
1567 2466 1735 2508 excidit

260 2553 446 2594 alterum
472 2552 736 2592 membrum:
767 2563 893 2604 qaum
926 2548 1058 2590 verba
1087 2547 1340 2596 audiebmm
1375 2561 1455 2588 nec
1485 2545 1734 2595 defuerunt,

262 2633 336 2685 qui
368 2630 619 2685 probarent,
652 2628 900 2669 Beneckius
933 2636 973 2668 et
1007 2626 1242 2668 Soldanus.

377 2710 400 2758 ᾖ
449 2709 477 2747 S
531 2705 762 2757 Klotzius,
824 2704 1099 2753 Beneckius,
1160 2701 1378 2745 Soldanus
1441 2701 1735 2756 scripserunt:

261 2783 500 2838 Afflictum
554 2785 677 2824 illum
729 2783 983 2839 quibusdam
1036 2778 1315 2822 incommodas
1367 2782 1411 2817 et
1461 2777 1734 2818 detrimentis

254 2868 438 2921 propter
479 2861 764 2914 offensionem
807 2864 947 2902 (mimi
1001 2862 1072 2900 tue·
1116 2858 1431 2902 memae'nercmt3
1485 2861 1530 2895 et
1565 2861 1632 2895 est
1670 2853 1734 2894 ita
