1821 3309
299 195 365 242 60

910 632 1003 699 Π.

294 795 377 847 lle
428 796 744 849 formarum
792 798 1155 867 quarundam
1215 794 1380 848 verbi
1438 796 1630 850 Latini

484 901 685 948 natura
746 903 801 947 et
855 913 956 948 usu
1007 892 1344 965 disputatio·
1397 891 1440 969 ¹)

232 1145 405 1224 Quum
439 1177 538 1208 ante
573 1167 651 1208 hos
668 1168 893 1209 duodecim
927 1182 1099 1208 menses
1131 1169 1173 1208 in
1208 1168 1437 1209 indicenda
1468 1168 1694 1223 magistra-

232 1258 298 1288 tus
330 1247 566 1287 academici
600 1248 839 1287 mutatione
871 1247 923 1287 de
957 1246 1239 1287 emendandis
1271 1245 1437 1287 duabus
1470 1244 1695 1287 Ciceronis

230 1324 501 1365 orationibus
548 1339 704 1365 novam
748 1326 1087 1379 disputationem
1133 1334 1231 1381 post
1269 1327 1518 1381 superiores
1547 1323 1695 1380 plures

232 1404 425 1444 eiusdem
460 1405 636 1457 generis
670 1404 869 1455 ordiens,
914 1418 1007 1459 quae
1043 1413 1193 1459 postea
1225 1403 1429 1445 absoluta
1461 1412 1555 1454 est,
1601 1403 1692 1443 ani-

231 1497 347 1523 mum
381 1484 626 1522 criticarum
661 1481 1074 1536 quaestiuncularum
1107 1483 1302 1522 minutiis
1336 1480 1694 1537 fatigatum-scri-

232 1560 378 1601 berem
411 1560 596 1601 aliorum
631 1569 988 1615 argumentorum
1020 1561 1234 1601 varietate
1257 1559 1501 1601 exhilarari
1520 1573 1694 1614 cupere,

230 1655 281 1680 ne
325 1641 418 1694 ipse
471 1638 643 1695 quidem
692 1638 926 1693 putabam,
981 1654 1040 1680 ex
1085 1640 1370 1695 grammatica
1417 1638 1693 1694 potissimum

227 1718 537 1769 disputatione,
565 1719 688 1758 cuius
723 1718 904 1758 eandem
939 1731 1035 1757 esse
1072 1716 1319 1758 exilitatem
1354 1717 1552 1773 plerique
1582 1716 1694 1757 iudi-

229 1794 415 1846 cabunt,
450 1809 519 1836 me
553 1809 647 1835 eam
682 1796 908 1835 varietatis
941 1793 1275 1835 delectationem
1315 1797 1551 1849 petiturum
1579 1807 1690 1835 esse.

227 1875 280 1914 Et
311 1883 455 1914 tamen
488 1889 617 1929 quum
651 1875 712 1914 sic
743 1872 964 1924 acciderit,
994 1881 1041 1913 ut
1068 1873 1119 1913 ad
1141 1872 1389 1914 scholarum
1413 1887 1603 1914 mearum
1625 1887 1691 1913 ra-

228 1954 415 2002 tionem,
449 1951 501 1992 ad
534 1967 661 2007 quam
693 1953 737 1992 in
769 1951 851 1993 hoc
882 1949 1098 1991 scribendi
1136 1965 1298 2006 genere
1333 1960 1689 2007 argumentorum

255 2117 285 2155 ¹)
326 2113 456 2158 [Edita
491 2114 677 2160 bipertito
721 2117 882 2148 a.1835
918 2119 956 2148 et
991 2116 1090 2148 1836
1144 2112 1238 2156 Quae
1264 2113 1312 2147 de
1335 2117 1465 2148 vetere
1489 2113 1691 2148 verborum

308 2174 542 2208 Latinorum
577 2173 699 2208 futuri
726 2176 908 2221 temporis
944 2175 1066 2210 forma
1093 2175 1133 2208 in
1159 2187 1199 2210 so
1226 2174 1377 2209 cadenti
1405 2176 1591 2223 exposui,
1628 2188 1688 2212 eo·

318 2248 401 2269 rum
424 2239 572 2282 partem
597 2234 727 2280 attigit
752 2247 782 2269 a.
798 2240 888 2271 1837
914 2238 959 2272 Α.
978 2237 1128 2283 Benary
1153 2237 1194 2271 in
1218 2236 1320 2272 libro
1346 2236 1394 2272 de
1419 2237 1525 2272 sonis
1549 2237 1690 2284 linguae

318 2297 461 2331 Latinae
498 2296 724 2341 (Ro'misclie
759 2297 985 2342 Lautlehre)
1019 2311 1058 2344 p.
1092 2301 1172 2334 273.
1229 2298 1368 2332 Veram
1392 2299 1581 2333 rationem
1603 2309 1688 2344 per-

318 2358 441 2404 spexit
481 2359 595 2392 etiam
633 2358 675 2393 C.
700 2358 744 2393 Ο.
767 2358 979 2394 Muellerus
1028 2359 1069 2392 in
1116 2358 1364 2393 adnotatione
1408 2359 1523 2394 Festo
1560 2359 1688 2393 addita

318 2422 366 2462 (a.
393 2422 500 2463 1839)
526 2432 564 2467 p.
593 2422 659 2454 167
685 2424 723 2454 et
747 2431 782 2467 p.
797 2423 876 2454 351.
926 2420 1028 2454 Illud
1055 2432 1145 2454 sanc
1170 2430 1229 2454 me
1254 2419 1418 2466 fugerat,
1443 2421 1516 2455 iam
1543 2432 1574 2455 a.
1598 2423 1688 2455 1816

318 2481 521 2528 Boppium,
551 2482 593 2516 V.
623 2481 727 2523 Cel.⁹
766 2482 806 2516 in
841 2481 943 2517 libro
969 2482 1016 2515 de
1039 2481 1241 2516 verborum
1267 2481 1309 2515 in
1333 2480 1465 2528 lingua
1490 2481 1687 2516 Sanserita

316 2542 479 2577 flexione
503 2555 539 2589 p.
562 2547 608 2578 98
631 2543 677 2577 de
700 2543 795 2587 faxo
821 2548 926 2578 recte
951 2543 1164 2584 iudicasse,
1199 2543 1247 2577 de
1268 2543 1414 2588 faxim,
1460 2542 1564 2590 quod
1587 2552 1681 2589 1³1·ae-

316 2612 401 2635 sens
444 2603 560 2644 facit,
595 2615 673 2638 non
697 2616 855 2650 prorsus
882 2609 1007 2645 recte,
1041 2604 1088 2639 de
1110 2604 1238 2650 faxem
1264 2603 1389 2637 minus
1418 2603 1526 2638 bene.
1577 2601 1685 2637 Sum-

316 2674 394 2696 mas
424 2674 580 2704 eorum,
622 2675 705 2710 quae
730 2663 794 2699 hic
820 2669 1085 2712 exponuntur,
1117 2677 1219 2700 nune
1255 2665 1303 2700 ad
1330 2664 1422 2699 libri
1459 2663 1681 2699 scholastici

315 2723 540 2758 brevitatem
579 2729 795 2759 contractas
832 2730 869 2759 ct
904 2725 954 2760 ad
989 2726 1265 2774 discipulorum
1296 2730 1448 2773 captum
1474 2737 1681 2760 accommo-
1748 2747 1759 2750 -

314 2785 419 2818 datas
446 2786 572 2831 posui,
598 2790 642 2820 ut
663 2785 792 2828 debui,
820 2786 899 2820 suis
924 2787 1020 2822 locis
1046 2787 1084 2821 in
1115 2789 1356 2844 grammfntica
1383 2787 1517 2823 Latina
1535 2814 1544 2830 ,
1570 2799 1683 2835 quam

316 2846 516 2891 superiore
543 2857 641 2882 anno
669 2846 783 2884 edidi.
813 2849 856 2884 A.
887 2850 1003 2892 1842]
