1821 3309
1465 172 1559 221 143

153 310 553 353 incommodissime
590 312 706 352 enim
738 310 911 360 dicitur,
942 311 1297 363 inconstantiam,
1329 313 1443 369 quod
1475 316 1531 355 sit
1565 317 1627 357 ri-

153 393 278 442 tium‚
311 404 391 431 sua
424 398 580 431 natura
611 389 808 444 probari.

262 468 360 512 Lib.
394 468 430 518 1,
462 470 531 519 19,
563 469 621 509 5⁰
652 468 823 509 editur:
870 467 1135 509 Innoceutes
1178 482 1282 523 ergo
1315 475 1357 510 ee
1388 473 1629 514 verecundi

147 554 261 598 sunt,
304 552 354 588 ut
387 546 496 588 bene
528 546 718 587 audiant
759 552 802 587 et
845 551 894 588 ut
937 560 1150 588 rumorem
1193 546 1346 588 bonum
1383 550 1624 604 collegam?

148 626 427 669 Erubescune
450 625 611 680 pudico·
639 629 770 667 etiam
800 626 925 682 loqui
952 626 1006 667 de
1023 626 1261 682 puda'cae‘lia.
1322 627 1501 669 Poterat
1533 628 1625 671 haec

146 708 364 762 scriptura
408 706 516 745 satis
559 705 739 760 copiose
780 707 991 746 accusari.
1050 705 1163 747 Nam
1207 720 1287 747 nec
1328 706 1520 748 tenellus
1554 708 1624 750 hic

148 786 284 842 pudor
315 785 368 826 de
391 785 601 840 pudicitia
624 783 832 840 loquendi
863 784 1051 826 Romani
1080 794 1146 826 est
1177 787 1345 842 ingenii
1379 800 1474 837 nec,
1506 788 1620 842 quod

147 873 278 921 caput
312 873 394 915 est,
426 862 516 904 ullo
550 864 678 904 modo
711 865 805 905 cius
837 866 899 905 rei
933 866 1291 906 commemoratio
1324 865 1375 905 ad
1410 864 1524 907 hunc
1558 866 1622 906 lo-

147 959 242 985 cum
291 933 496 998 pertinet,
540 941 615 983 ubi
664 944 890 997 quaeritur,
932 945 1097 997 praemii
1132 957 1207 996 spe
1240 953 1282 984 et
1317 959 1467 998 poenae
1504 956 1621 987 metu

148 1024 332 1065 modesti
378 1021 578 1062 homines
625 1028 667 1060 et
718 1021 953 1061 verecundi
1000 1022 1112 1071 sint,
1159 1036 1213 1062 an
1260 1023 1399 1077 ipsius
1448 1024 1622 1063 virtutis

144 1117 290 1151 causa,
321 1115 400 1142 nec
431 1114 526 1140 cum
561 1100 630 1150 iis,
661 1113 755 1154 quae
781 1101 985 1155 proxime
1013 1100 1293 1151 antecedunt,
1324 1102 1621 1157 coniungitur,

142 1180 216 1222 ubi
262 1178 364 1220 ficta
416 1178 518 1220 boni
564 1180 751 1220 rumoris
798 1194 930 1220 causa
980 1180 1193 1220 modestia
1241 1178 1494 1235 significata
1539 1190 1620 1226 est.

143 1260 229 1302 Sed
264 1259 543 1299 accusatione
590 1272 700 1314 opus
733 1273 818 1299 non
851 1267 934 1308 est,
971 1259 1084 1314 quod
1117 1259 1313 1300 codicum
1357 1262 1619 1300 anctoritate.

141 1338 356 1379 dubitatio
400 1337 543 1377 omnis
586 1338 814 1378 eximitur.
881 1336 993 1379 Nam
1038 1339 1075 1378 si
1120 1336 1321 1378 Tui-nebi
1368 1337 1527 1379 librum
1576 1350 1616 1379 et

145 1418 189 1457 8.
236 1416 433 1458 Victoris
482 1415 596 1470 apud
643 1415 880 1457 Gruterum
926 1418 1152 1472 excipias,
1207 1418 1248 1456 in
1303 1416 1425 1458 nullo
1470 1418 1618 1460 codice

141 1497 348 1550 scriptum
379 1503 442 1535 est
470 1494 642 1549 pudici,
672 1495 747 1535 sed
770 1495 910 1549 pudet
941 1499 1027 1536 iam
1059 1504 1147 1545 aut,
1174 1497 1396 1551 geminata
1427 1496 1617 1551 syllaba.

137 1575 273 1629 pudet
305 1578 451 1616 eliam.
515 1574 774 1615 Rectissime
808 1576 942 1630 igitur
975 1576 1060 1616 iam
1098 1583 1267 1616 veteres
1298 1576 1490 1617 editores
1518 1591 1617 1618 sen-

141 1656 301 1695 tentias
335 1662 667 1709 separaverant,
702 1668 883 1709 quarum
921 1655 1039 1708 prior
1082 1654 1172 1695 haec
1217 1664 1308 1696 est:
1356 1657 1618 1699 Innocenles

140 1747 244 1788 ergo
279 1738 321 1773 e!
351 1732 595 1773 verecundo·
629 1737 745 1782 sunl,
782 1738 827 1772 ul
858 1732 966 1773 bene
1000 1733 1202 1784 multant,
1236 1740 1293 1784 el,
1324 1740 1370 1775 ul
1404 1749 1615 1777 rumorem

139 1811 292 1852 bonum
326 1811 555 1865 colligant,
591 1809 866 1852 erubescunt.
928 1811 1171 1867 Aptissime
1208 1814 1299 1868 ipse
1332 1813 1464 1855 rubor
1497 1817 1618 1872 inge-

140 1905 252 1932 nuus
295 1892 338 1931 in
383 1891 467 1931 ista
510 1892 680 1932 ratione
716 1892 906 1945 captatio
944 1891 1072 1932 famae
1107 1890 1203 1932 fieri
1235 1893 1408 1933 dicitur.
1469 1893 1616 1947 (Cete-

139 1985 232 2011 rum
272 1968 535 2010 affirmative
579 1969 669 2010 hacc
702 1984 776 2024 per
819 1968 1148 2011 conclusionem
1196 1979 1238 2010 et
1281 1971 1618 2015 demonstratio-

140 2064 237 2090 nem
281 2049 512 2102 pravitatis
559 2049 788 2098 dicuntur,
832 2062 917 2088 non
962 2049 1312 2103 interrogative.)
1379 2049 1493 2092 Tum
1531 2067 1616 2094 non

140 2129 284 2169 minus
318 2138 434 2169 recte
465 2128 661 2169 additur:
704 2126 844 2167 Pudet
878 2130 961 2167 iam
996 2128 1050 2181 (si
1084 2126 1175 2168 haec
1210 2143 1312 2169 vera
1343 2136 1465 2179 suut)
1498 2132 1621 2187 loqui

137 2206 190 2247 (le
227 2206 449 2262 pudicitia
491 2211 603 2263 (quae
646 2205 941 2248 dissimulatio
974 2216 1041 2248 est
1071 2207 1394 2262 impudicitiae).
1466 2209 1616 2267 ltaque

139 2285 230 2327 haec
258 2286 363 2327 mihi
394 2285 559 2327 nullam
583 2284 746 2327 habere
774 2284 1093 2328 dubitationem
1125 2287 1344 2340 videntur,
1378 2304 1472 2345 quae
1505 2290 1614 2331 adeo

138 2363 336 2406 difficilia
366 2373 409 2405 et
440 2364 628 2406 obscura
659 2365 752 2405 visa
782 2373 900 2414 sunt,
932 2373 980 2405 ut
1008 2364 1246 2407 Turnebus
1277 2366 1448 2409 librarii
1480 2370 1615 2410 adno-

139 2444 350 2484 tationem
391 2443 444 2483 de
484 2442 644 2484 lacuna
686 2442 849 2483 codicis
891 2444 933 2483 in
977 2443 1044 2484 his
1080 2443 1228 2485 verbis
1269 2445 1614 2500 deprehendisse

138 2521 222 2563 sibi
257 2522 499 2563 videretur.
565 2520 652 2562 Sed
691 2519 941 2562 difficiliora
975 2530 1090 2572 sunt,
1124 2537 1219 2578 quae
1253 2530 1517 2578 sequuntur:
1548 2521 1614 2563 Ac

139 2605 267 2642 nimis
298 2605 476 2642 istorum
501 2599 855 2656 philosophorum
879 2600 1034 2655 pudet,
1065 2605 1144 2657 qni
1170 2603 1332 2643 mellum
1367 2605 1517 2642 villum
1551 2605 1614 2643 υί-

139 2686 237 2721 lare
266 2684 358 2722 πίει·
385 2680 551 2722 iudicio
584 2683 677 2734 ipso
714 2685 907 2721 notatum
935 2686 1123 2736 palamst·
1161 2683 1203 2723 in
1240 2681 1398 2739 quibus
1429 2683 1502 2737 (ut
1533 2682 1614 2724 hoc

139 2760 325 2814 primum
353 2761 614 2817 transigam)
651 2775 728 2816 pro
759 2763 888 2801 nimis
922 2764 1100 2803 istorum
1137 2779 1159 2804 e
1192 2764 1388 2806 codicum
1425 2765 1611 2819 optimo-

140 2852 233 2879 rum
270 2840 470 2894 restigiis
501 2839 667 2887 (Haun.
712 2849 753 2882 et
785 2840 954 2885 Victor.
988 2845 1233 2897 myslorum)
1270 2853 1311 2885 et
1346 2859 1368 2885 e
1404 2843 1496 2885 cod.
1535 2842 1612 2882 8⁰²⁵
