1821 3309
1402 209 1505 260 369

109 364 184 396 aut
218 357 261 397 in
295 369 380 396 uno
416 355 500 395 iam
539 363 581 395 et
611 352 752 395 altero
790 353 936 395 codice
968 363 1043 395 aut
1077 354 1130 396 ab
1163 356 1270 412 ipsis
1299 356 1454 412 primis
1486 354 1576 395 etli-

107 433 278 476 toribus
307 434 631 476 inconsiderate
674 433 891 476 occultata
922 443 1038 485 sunt,
1073 435 1249 476 inducta
1282 434 1429 491 aliqua
1460 433 1576 475 tole-

105 513 259 556 rabilis
302 515 531 556 sententiae
576 523 618 555 et
660 515 874 555 orationis
908 516 1072 569 specie,
1116 523 1163 556 ut
1201 529 1252 556 ea
1281 516 1400 571 prius
1434 528 1577 556 remo-

107 594 251 636 venda
304 595 362 636 sit
403 609 531 650 quam
576 596 618 634 in
661 595 752 635 veri
795 595 1139 649 investigatione
1180 594 1388 651 progredi
1421 595 1578 650 possis,

104 676 148 716 in
181 689 266 731 quo
308 688 473 730 genere
515 675 712 729 insignes
759 682 800 714 et
833 673 1050 729 praeclaroe
1090 683 1190 714 sunt
1221 689 1297 726 eae,
1329 688 1435 730 quas
1469 672 1575 714 Nie-

108 753 290 796 buln-ius
331 753 526 795 locorum
575 753 743 809 aliquot
790 753 895 794 fecit
945 754 1290 805 emendationes,
1334 753 1455 795 velut
1497 752 1577 793 illa

104 835 149 875 in
181 848 218 875 c.
250 836 319 886 11,
362 835 433 884 35,
479 832 551 874 ubi
586 848 664 889 pro
704 848 772 885 eo,
816 833 929 890 quod
974 833 1088 874 inulte
1125 833 1434 890 interpolatum
1469 842 1577 882 erat,

102 919 230 954 nostes
256 913 481 969 quasdam,
513 929 536 955 e
563 915 757 955 codicum
792 915 992 971 vestigiis
1026 914 1347 965 (norom-cedam
1383 922 1425 953 et
1457 913 1579 952 simi-

104 992 241 1048 libus)
284 995 476 1034 restituit
520 993 653 1035 verba
693 994 904 1049 quoedam.
973 993 1194 1035 Interdum
1237 1003 1383 1034 tamen
1420 994 1464 1033 in
1500 991 1578 1032 illo

104 1073 270 1125 codice,
304 1087 364 1114 ex
408 1087 494 1129 quo
529 1075 665 1114 nostri
702 1075 784 1115 orti
826 1082 942 1124 sunt,
977 1073 1233 1127 depravatio
1266 1071 1444 1128 longius
1478 1085 1578 1127 pro-

103 1168 258 1210 gressu
289 1161 370 1203 est,
405 1151 567 1193 litteris
599 1167 683 1193 uon
717 1152 859 1193 solum
893 1152 1080 1194 divulsis
1115 1161 1157 1194 et
1191 1151 1447 1208 singulatim
1482 1166 1579 1207 per-

103 1231 289 1274 turbatis
332 1231 409 1272 sed
457 1234 587 1273 etium
636 1242 814 1288 propter
846 1231 1180 1273 similitudinem
1223 1232 1425 1281 omissis,
1470 1245 1578 1287 quas

103 1321 268 1362 tannen,
293 1311 373 1353 hac
396 1313 489 1368 ipsu
514 1311 802 1353 similitudino
826 1312 1148 1363 animadversa,
1170 1311 1394 1353 retrahere
1417 1311 1580 1366 possis3

103 1401 194 1435 tum
242 1393 288 1433 in
335 1392 431 1448 ipso
479 1390 558 1433 illo
599 1392 747 1432 codice
793 1392 966 1447 quidam
1001 1400 1204 1447 corrupta
1245 1391 1491 1447 corrigendi
1535 1399 1579 1430 et

104 1471 317 1529 explendi
344 1481 525 1512 conatus
559 1486 642 1512 non
679 1471 808 1512 valde
841 1470 1068 1512 artificiosi
1100 1480 1325 1527 apparent.
1386 1469 1457 1511 Illi
1490 1469 1577 1511 loci

105 1552 367 1609 desperandi
410 1552 514 1607 (nisi
558 1552 670 1607 quod
706 1552 845 1592 forma
890 1553 1096 1592 universa
1127 1552 1308 1593 indicari
1342 1550 1503 1607 potest)
1535 1558 1579 1590 et

103 1632 271 1675 infelici
315 1633 442 1688 signo
486 1633 692 1684 notandi,
733 1634 775 1673 in
814 1630 970 1688 quibus
1012 1630 1140 1688 plura
1187 1630 1322 1672 verba
1367 1629 1575 1671 librarius

104 1721 282 1770 propter
324 1711 658 1753 similitudinem
706 1711 875 1753 aliusve
919 1726 1073 1753 causas
1111 1712 1273 1762 omisit,
1308 1719 1354 1751 ut
1385 1723 1420 1751 c.
1451 1711 1494 1761 4,
1525 1711 1575 1750 8:

103 1791 222 1836 Nam
266 1805 393 1847 quum
428 1795 617 1847 prceme'a
663 1790 770 1832 mihi
815 1797 942 1832 tutela
980 1806 1064 1847 pro
1106 1790 1189 1832 hac
1228 1789 1450 1832 tmleestrm
1487 1793 1577 1830 sinc

103 1872 227 1923 data,
258 1878 425 1928 quanta
451 1878 585 1912 (mlea
609 1875 787 1921 neme'ne',
821 1872 855 1926 Τ
878 1876 961 1912 se’c
987 1877 1040 1913 et
1065 1875 1118 1912 si
1142 1874 1310 1926 ceperis
1332 1884 1418 1921 eos,
1450 1883 1575 1925 quum

106 1953 292 2008 adeptus
337 1955 398 1992 sis
441 1951 657 2006 deponere
701 1957 812 1992 esset
854 1950 1039 1992 homt‘m's
1081 1956 1123 1992 et
1165 1954 1305 1991 astuti
1336 1956 1377 1990 ee
1409 1954 1580 2001 ingrate:

105 2031 288 2086 (editui-x
311 2030 499 2081 labores,
516 2045 599 2086 per
614 2045 719 2088 quos
736 2046 788 2072 etc
811 2036 991 2086 ceper-Is,
1007 2033 1169 2072 omisso
1192 2030 1286 2084 eos)
1306 2037 1348 2070 et
1367 2044 1402 2071 c.
1419 2031 1491 2078 39,
1507 2030 1578 2070 85.

105 2110 235 2153 Nunc
277 2109 399 2152 locos
441 2111 625 2168 aliquot,
668 2126 850 2168 quorum
898 2111 1053 2152 menda
1089 2110 1193 2160 illis,
1237 2123 1332 2166 quae
1365 2109 1576 2155 diximus,

107 2192 308 2246 vestigiis
341 2191 656 2248 persequendis
690 2200 733 2232 et
766 2192 947 2248 reperiri
981 2200 1023 2232 et
1053 2190 1149 2232 tolli
1182 2198 1379 2246 possunt,
1419 2190 1472 2231 ad
1503 2205 1577 2231 ve-

109 2285 201 2314 ram
235 2271 420 2312 formam
452 2270 773 2313 revocabimus.
814 2294 818 2297 ·

154 2339 157 2342 ”
221 2349 271 2393 C.
304 2352 347 2402 2,
380 2352 430 2392 4:
472 2350 543 2391 Ac
573 2354 614 2390 si
648 2375 694 2380 —-
725 2356 940 2405 patronus
970 2349 1071 2391 huic
1100 2362 1243 2391 musco
1270 2347 1448 2403 publice
1479 2359 1577 2387 eon-

108 2434 382 2479 stitueretur,
428 2433 465 2470 ie
493 2433 719 2485 potissime
749 2429 911 2470 honore
946 2429 1109 2480 (qllk’clo
1141 2427 1349 2478 defensor
1380 2426 1576 2476 daretur,

110 2513 189 2566 qul
216 2509 364 2551 eodem
394 2508 557 2550 honore
582 2510 796 2564 prmde‘lus
836 2522 921 2549 uon
955 2513 1095 2550 minus
1125 2508 1310 2560 offerret
1340 2507 1400 2548 ml
1429 2507 1577 2548 ‹le‘ceu-

109 2590 210 2631 dum
242 2593 524 2631 anctore'lah's
555 2603 680 2645 qnam
699 2589 961 2640 facultati-9.
1029 2589 1219 2630 Primum
1248 2591 1473 2643 potissime
1499 2601 1576 2644 pro

103 2672 376 2725 potissimum
407 2684 548 2726 neque
581 2669 735 2712 Cicero
763 2668 869 2711 alibi
909 2683 1090 2725 usquam
1134 2669 1248 2709 dixit
1282 2681 1422 2723 neque
1460 2668 1578 2723 quis-

111 2763 241 2805 quam
285 2749 416 2791 huius
459 2751 600 2792 aetatis
640 2753 850 2806 scriptor3
891 2763 1003 2790 unus
1037 2747 1194 2790 Celsus
1237 2745 1439 2789 Ciceroni
1482 2747 1577 2787 eius

113 2836 264 2870 auctor
307 2829 573 2888 adiungitur.
638 2829 810 2872 Deinde
839 2829 1002 2871 honore
1031 2828 1219 2881 affectus
1250 2828 1378 2869 nimis
1407 2823 1577 2867 infinite

111 2909 269 2951 dicitur
313 2922 453 2967 neque
501 2912 555 2955 ad
594 2910 842 2964 Murenam,
886 2909 1110 2953 consulem
1143 2908 1436 2965 designatum,
1478 2911 1577 2960 apte

1264 2994 1309 3025 24
