1821 3309
1391 238 1490 288 209

96 391 142 419 se
170 378 395 431 dictitans,
425 391 468 422 et
501 384 544 423 in
581 397 686 423 voce
717 396 770 423 ne
806 382 897 423 haec
928 396 987 423 ex
1018 380 1117 422 libr.
1152 380 1382 433 XXXVI,
1411 383 1464 423 3:
1498 383 1558 423 ad

99 458 326 513 collegium
338 458 570 508 fetialium
598 463 786 512 rettulit,
817 465 959 515 ipsine
973 459 1192 501 Antiocho
1222 464 1371 515 vtique
1402 460 1556 502 bellum

98 537 368 578 indiceretur
390 539 440 592 ¹).
504 539 674 580 Deinde
716 542 760 580 in
805 555 850 580 re
882 541 978 594 ipsa
1017 554 1043 579 a
1078 552 1182 579 vero
1214 537 1436 580 aberravit
1471 555 1555 580 non

99 629 184 656 uno
217 616 359 657 modo.
420 617 614 659 Primum
663 620 795 668 enim,
835 627 881 658 ut
912 619 1279 672 interrogationes
1314 618 1367 658 ad
1398 619 1558 659 nudam

98 693 399 737 affirmationis
430 706 504 738 aut
535 699 783 753 negationis
814 696 1179 754 significationem
1215 696 1450 752 redigeret,
1481 697 1559 738 ali-

99 776 270 830 quoties
324 791 410 817 non
461 775 603 817 solum
646 786 867 827 contorte,
917 777 994 817 sed
1040 790 1218 832 prorsus
1266 775 1379 817 falso
1428 776 1560 818 verba

100 854 361 909 scriptorum
380 856 657 911 interpretari
681 865 855 898 coactus
882 865 971 905 est3
1003 856 1126 897 velut
1157 855 1304 897 Taciti
1333 857 1377 896 in
1400 855 1561 897 Annal.

104 932 234 984 XIII,
265 935 343 975 43:
393 934 479 975 Cur
509 939 621 975 em‘m
652 940 861 976 neminem
895 937 1029 977 alium
1075 936 1286 976 delectum
1331 935 1449 975 esse?
1495 936 1563 977 Si-

105 1011 305 1068 gnificari
339 1014 461 1057 vult:
492 1016 624 1056 alium
657 1015 932 1069 deligendam
952 1015 1119 1064 fuisse.
1178 1014 1268 1055 Iam
1312 1014 1394 1055 hoc
1420 1016 1562 1069 ipsum

105 1090 193 1132 tale
236 1101 326 1143 est,
383 1102 430 1134 ut
473 1109 525 1134 eo
569 1093 696 1134 modo
739 1094 910 1149 quidvis
952 1095 1005 1135 ad
1048 1092 1381 1134 affirmationem
1424 1093 1565 1148 redigi

106 1172 259 1225 possit,
301 1187 432 1228 quum
464 1188 550 1214 non
590 1187 773 1229 quaeras,
814 1173 916 1229 quid
961 1174 1144 1221 dicatur,
1185 1173 1262 1213 sed
1303 1188 1399 1213 eam
1432 1174 1567 1213 animi

105 1251 367 1293 seutentiam
409 1251 665 1303 substituas,
706 1267 731 1292 a
762 1267 846 1308 qua
881 1254 1019 1293 oratio
1052 1261 1147 1294 orta
1177 1254 1247 1292 sit.
1310 1252 1475 1293 Verum
1513 1266 1566 1293 ne

105 1327 380 1383 significatur
420 1332 594 1387 quidem
628 1330 681 1372 ab
724 1331 1065 1383 accusatoribus,
1107 1346 1288 1387 quorum
1331 1331 1393 1372 ibi
1427 1333 1566 1372 oratio

107 1407 316 1460 redditur,
347 1410 480 1452 alium
512 1411 790 1467 deligendum
822 1411 982 1459 fuisse3
1020 1410 1102 1452 hoc
1131 1411 1292 1460 dieunt,
1326 1412 1473 1451 mirari
1505 1425 1568 1461 se,

110 1500 201 1538 eur,
242 1489 281 1528 si
328 1504 430 1531 vere
473 1490 640 1532 Suilins
682 1505 707 1531 a
751 1489 991 1531 Messalina
1025 1498 1199 1531 coactus
1246 1492 1316 1541 sit,
1351 1492 1568 1531 neminem

110 1564 246 1607 alium
276 1568 390 1609 idem
424 1569 569 1611 facere
595 1571 803 1625 coegerit,
835 1584 972 1625 eaque
993 1571 1338 1625 interrogatione
1369 1569 1428 1619 id,
1457 1569 1569 1625 quod

112 1644 279 1686 Suilius
309 1647 362 1688 de
395 1662 441 1689 se
472 1649 662 1700 dixerat,
689 1647 848 1689 falsum
882 1663 977 1689 esse
1009 1658 1211 1703 arguunt.
1269 1647 1455 1690 Causam
1487 1650 1570 1705 igi-

111 1731 181 1764 tur
213 1727 439 1781 requirunt
468 1730 533 1768 rei
562 1727 850 1778 incredibilis,
885 1741 979 1783 quae
1014 1727 1144 1769 Suilii
1181 1728 1436 1769 defensione
1472 1743 1571 1769 con-

111 1803 314 1845 tineatur.
372 1805 543 1846 Deinde
575 1806 651 1847 alii
678 1806 762 1847 loci
794 1821 922 1846 omne
952 1805 1061 1847 illud
1089 1805 1321 1848 artificium
1347 1816 1572 1862 respuunt,

110 1885 384 1938 apertissime
416 1886 586 1941 quidem
621 1886 893 1926 disiunctivae
920 1887 1304 1941 interrogationes,
1336 1885 1477 1942 qualis
1508 1895 1573 1927 est

112 1962 224 2017 apud
257 1962 458 2005 Tacitum
494 1966 536 2005 in
574 1965 689 2006 IIist.
722 1964 756 2014 I,
796 1965 870 2005 50:
924 1963 1057 2005 A'tmc
1089 1979 1173 2019 pro
1210 1964 1374 2005 Othone
1407 1979 1464 2005 an
1494 1978 1573 2019 pro

128 2040 303 2082 Vitellio
335 2047 381 2083 ιή
410 2044 572 2098 templa
604 2044 772 2084 ituros?
804 2042 1017 2083 Homines
1049 2045 1195 2084 miseri
1228 2045 1268 2084 in
1302 2042 1574 2084 dubitatione

148 2219 177 2260 ¹)
213 2217 327 2264 Apud
353 2219 421 2253 Liv
459 2219 527 2259 ΙΙΙ,
561 2224 582 2253 7
611 2222 683 2264 (ut,
717 2222 806 2255 totis
840 2223 981 2266 passim
1009 2222 1147 2255 castris
1178 2222 1331 2265 fremt‘tn
1358 2227 1451 2261 orto,
1486 2222 1579 2268 quid

206 2281 247 2314 ἰη
269 2287 378 2316 vasto
403 2294 449 2316 ac
475 2283 622 2316 deserto
649 2295 801 2328 aqro—
818 2289 961 2329 tempus
987 2287 1181 2317 tererent?
1200 2303 1255 2322 -‚
1285 2285 1398 2329 siqua
1425 2289 1578 2328 repenle

208 2345 481 2387 cormello-rent)
520 2344 783 2390 interrogandi
817 2345 1050 2391 significatio
1078 2344 1179 2378 inest
1204 2345 1244 2378 in
1271 2346 1397 2380 verbis
1421 2346 1579 2391 fremitu

207 2410 299 2438 orto.
357 2405 472 2438 Libro
502 2405 566 2446 Vl,
592 2418 625 2439 c.
651 2409 696 2439 36
723 2411 831 2447 extr„
859 2406 962 2453 quod
987 2406 1085 2440 nihil
1111 2406 1268 2452 oblique
1293 2407 1462 2441 refertur
1485 2417 1578 2452 prm-

211 2469 269 2498 ter
295 2465 632 2511 interrogationeS,
659 2479 737 2500 non
762 2467 886 2501 solum
912 2468 952 2501 in
980 2467 1102 2513 prima
1132 2468 1336 2508 sententia,
1373 2467 1439 2501 sed
1466 2467 1581 2500 etiam

211 2526 251 2560 in
271 2527 438 2561 secunda
463 2528 653 2561 retinetur
682 2527 804 2561 forma
828 2528 1143 2573 interrogationis
1173 2528 1376 2575 pendentis
1406 2530 1468 2570 (ne
1493 2529 1580 2575 quis

206 2590 361 2634 placere
396 2589 514 2623 scribi
552 2589 687 2632 malit).
736 2588 819 2625 Lib.
854 2589 1064 2631 xxxvn,
1104 2593 1169 2631 15,
1208 2593 1226 2624 l
1264 2590 1506 2637 interpositae
1540 2591 1582 2624 iu

212 2651 325 2685 initio
362 2651 548 2685 orationis
584 2651 717 2685 alienae
753 2662 865 2685 voces
908 2652 1012 2697 Quid
1038 2654 1221 2687 tandem?
1258 2665 1336 2687 non
1362 2652 1583 2700 prohibent,

213 2724 289 2759 quo
326 2713 451 2747 minus
490 2713 611 2760 prima
652 2714 841 2748 sententia
876 2713 1050 2761 pendeat.
1103 2714 1244 2759 [Etiam
1280 2715 1383 2764 apud
1407 2715 1585 2750 Tacitum

214 2774 265 2816 11,
286 2778 332 2810 74
355 2775 476 2823 prima
495 2775 576 2809 haze
601 2775 875 2822 interrogatio:
903 2778 986 2825 quis
1009 2778 1074 2813 ille
1099 2779 1178 2814 dies
1201 2778 1305 2825 foret
1330 2783 1401 2814 etc.
1424 2788 1582 2826 prorsus

218 2835 463 2874 subnectitur
487 2839 605 2874 verbo
631 2839 873 2886 reputabat‚]

1281 2917 1323 2948 14
