1821 3309
1328 303 1333 309 N
1360 234 1465 284 257

55 396 94 436 p.
127 379 243 423 XVI
275 387 364 423 not.
395 379 469 429 76)
502 386 640 419 totum
677 380 846 435 potiore
879 387 1001 435 parte
1036 376 1334 434 significatum
1365 378 1530 429 dicunt,

56 473 196 514 neque
239 460 432 515 potiores
477 464 622 512 partes
654 466 777 498 erant
818 459 1012 513 equitum
1055 471 1183 512 quam
1237 457 1528 505 tribunorum,

55 537 131 579 sed
166 551 300 592 aequae
345 544 646 590 utrorumque,
691 549 832 591 neque
876 535 968 575 haec
1011 535 1242 575 excusatio
1286 534 1444 577 sufficit
1484 538 1528 577 in

57 614 296 666 Cicerone,
340 615 413 670 qui
453 614 516 667 (in
558 621 667 654 orat.
714 628 790 669 pro
832 612 1028 662 Cluent.)
1075 614 1138 653 sic
1177 612 1371 668 loquitur
1413 614 1536 670 apud*

57 693 169 735 illud
215 695 358 748 ipsum
405 692 654 743 consilium,
697 692 811 748 quod
847 694 976 733 tertia
1010 706 1070 732 ex
1101 700 1223 747 parte
1252 706 1310 732 ex
1343 691 1530 733 tribunis

59 771 302 813 constabat.
368 771 490 813 Vera
523 779 616 812 erat
656 770 895 827 Augustini
929 772 1165 823 sententia,
1204 785 1332 827 quam
1367 770 1432 812 illi
1464 786 1529 812 re-

56 850 309 906 pudiarunt,
352 851 547 905 equitum
583 851 758 891 nomine
802 859 845 891 et
878 865 1041 906 genere
1077 849 1387 905 comprehendi
1424 864 1531 904 quo-

59 929 291 971 dammodo
339 928 537 970 tribunos
584 930 776 970 aerarios.
840 928 992 985 Itaque
1027 944 1102 970 eos
1139 928 1293 970 Cicero
1329 928 1532 969 similiter

58 1010 101 1049 in
133 1016 243 1049 orat.
280 1023 357 1064 pro
392 1007 550 1050 Flacco
580 1010 650 1058 38,
690 1010 747 1048 96
778 1009 955 1058 omittit,
999 1009 1061 1048 sic
1102 1007 1266 1058 dicens,
1312 1016 1532 1063 tamquam

60 1095 287 1128 senatores
331 1095 498 1128 tantum
543 1095 587 1127 et
618 1088 787 1142 equites
823 1086 990 1127 iudices
1024 1084 1199 1127 habeat.
1264 1085 1351 1126 Res
1386 1087 1447 1126 ita
1486 1100 1533 1125 se

61 1164 206 1206 habet.
276 1164 396 1206 Olim
431 1165 532 1221 lege
565 1162 825 1218 Sempronia
866 1177 890 1203 a
925 1163 1218 1215 senatoribus,
1250 1179 1431 1219 quorum
1463 1163 1534 1204 lo-

59 1244 210 1285 cusin
252 1242 480 1298 republica
527 1257 612 1284 non
666 1255 799 1283 censu
841 1244 1115 1298 potissimum
1159 1242 1404 1294 nitebatur,
1450 1245 1534 1284 etsi

59 1336 215 1364 census
240 1320 482 1378 praeflnitus
513 1330 621 1372 erat,
651 1321 727 1362 sed
759 1330 884 1376 gesto
911 1323 1184 1377 magistratu,
1217 1336 1302 1377 quo
1334 1323 1378 1362 in
1409 1336 1535 1362 sena-

59 1410 149 1444 tum
182 1409 410 1451 venerant,
441 1409 483 1440 et
511 1401 669 1441 summi
699 1399 870 1440 consilii
902 1400 1238 1455 gubernatione,
1282 1400 1443 1441 iudicia
1480 1400 1535 1440 ad

61 1481 232 1536 equites
258 1471 626 1521 translataerant.
688 1478 833 1529 Quum
869 1481 1002 1536 igitur
1024 1479 1075 1520 L.
1099 1478 1228 1520 Cotta
1259 1478 1536 1520 senatoribus

63 1560 107 1600 in
142 1558 375 1600 iudicando
402 1558 662 1613 adiungeret
689 1557 888 1599 homines
913 1573 1003 1610 eos,
1035 1572 1143 1614 quos
1168 1572 1325 1600 census
1357 1557 1478 1599 solus
1514 1572 1538 1598 a

64 1636 194 1694 plebe
238 1637 548 1691 distingueret,
594 1651 856 1693 quamquam
896 1637 1051 1679 horum
1083 1639 1168 1679 duo
1201 1645 1324 1678 erant
1355 1637 1534 1692 gradus,

63 1725 210 1758 tamen
258 1716 340 1757 hoc
378 1717 628 1766 discrimen,
670 1716 781 1771 quod
830 1716 962 1771 longe
1007 1718 1148 1758 minus
1193 1725 1301 1767 erat,
1333 1716 1539 1757 obscura-

64 1794 193 1836 batur
216 1796 476 1851 animusque
502 1795 555 1836 ad
588 1797 758 1850 equites
787 1797 975 1846 senatui,
1009 1795 1373 1852 quemadmodum
1405 1793 1540 1835 Grac-

66 1873 207 1916 chano
242 1882 456 1930 tempore,
488 1875 714 1929 oppositos
746 1875 809 1916 sic
842 1874 1083 1926 ferebatur,
1119 1883 1164 1915 ut
1195 1874 1274 1916 illo
1306 1888 1470 1930 genere
1499 1881 1543 1913 et

69 1955 243 1995 nomine
271 1953 486 1994 interdum
513 1954 645 1993 etiam
671 1952 834 1993 tribuni
862 1953 1205 1994 includerentur.
1270 1952 1368 1992 Hoc
1399 1953 1541 2006 ipsum

67 2030 321 2087 significare
366 2031 540 2071 videtur
587 2030 846 2072 scholiastes
877 2031 1199 2073 Ambrosianus
1233 2031 1287 2072 ad
1322 2038 1432 2072 orat.
1465 2043 1543 2085 pro

68 2110 228 2153 Flacco
271 2112 314 2162 2,
355 2111 398 2160 4,
441 2108 635 2150 eiusdem
671 2110 837 2150 ordinis
866 2110 1032 2151 faciens
1064 2111 1233 2166 equites
1269 2117 1312 2150 et
1345 2107 1544 2149 tribunos

68 2188 261 2231 aerarios.
285 2188 317 2242 ¹)
381 2187 586 2229 Velleius
624 2197 768 2231 tamen
817 2196 859 2230 et
902 2188 1162 2231 Plutarchus
1207 2186 1328 2229 illam
1372 2201 1544 2244 quoque

99 2359 130 2401 ι)
169 2357 249 2391 Lex
285 2356 381 2391 enim
415 2357 580 2391 Aurelia
615 2359 821 2392 iudicia-ria
857 2360 914 2392 ita
949 2360 1132 2398 cavebat,
1158 2364 1199 2391 ut
1227 2369 1272 2392 cx
1295 2360 1409 2400 parte
1435 2354 1550 2388 tertia

166 2423 362 2452 senatores
380 2418 609 2458 indicarent,
635 2430 678 2452 cx
701 2419 878 2463 partibus
905 2420 1052 2453 duabus
1078 2419 1225 2452 tribuni
1249 2417 1381 2451 oerarii
1397 2419 1433 2449 ct
1452 2416 1551 2461 eqni-

165 2484 222 2513 ees
249 2479 424 2518 Romani,
452 2480 677 2513 ciusdem
703 2480 920 2514 scilicet
946 2480 1148 2513 ordinis
1171 2479 1282 2513 viri.
1332 2475 1470 2509 Cicero
1498 2474 1551 2507 (li-

165 2540 239 2574 cit:
280 2540 503 2574 indicabitis
526 2541 718 2585 principes
741 2542 819 2575 cius
845 2541 989 2575 ordz'm's
1008 2541 1231 2587 (equestris)
1259 2540 1551 2588 quinquaqinta.

115 2602 119 2604 ’
167 2601 209 2636 Si
249 2612 292 2635 eo
331 2612 454 2647 usque
491 2601 668 2635 tribunos
696 2600 833 2635 Cicero
863 2601 1060 2648 equitibus
1087 2602 1278 2650 aequavit,
1312 2607 1356 2635 ut
1384 2600 1460 2635 hoc
1486 2613 1553 2634 nu-

167 2674 271 2699 mero
306 2667 494 2709 utrosque
529 2662 897 2709 comprehenderet,
933 2663 1117 2698 sederunt
1141 2664 1183 2698 in
1208 2663 1339 2698 Flacci
1371 2674 1485 2697 causa
1510 2666 1556 2696 75

169 2725 333 2766 iudices,
359 2725 391 2759 si
419 2724 492 2759 soli
520 2725 670 2772 equites
696 2725 755 2759 illi
782 2725 1063 2772 quinquaginta
1085 2729 1187 2766 sunt,
1216 2728 1294 2760 150.
1344 2723 1456 2765 Mihi,
1483 2724 1553 2757 etsi

170 2799 258 2821 cum
293 2786 538 2833 principibus
577 2785 691 2820 etiam
728 2786 918 2833 equestris
953 2786 1101 2821 ordinis
1145 2786 1322 2821 tribunos
1364 2784 1556 2820 numerari

171 2848 310 2881 mirum
335 2848 458 2883 videri
481 2854 624 2896 potest,
660 2854 786 2883 tamen
812 2848 920 2895 prior
946 2847 1012 2882 ille
1036 2859 1219 2882 numerus
1246 2847 1418 2883 iudicum
1443 2846 1557 2891 longe

174 2907 415 2956 probabilior
448 2909 601 2946 videtur
637 2911 767 2945 altero.
831 2909 1025 2950 Scaurus,
1055 2910 1119 2956 qui
1147 2909 1232 2956 lege
1258 2908 1355 2944 Iulia
1382 2912 1559 2955 repetun-

1257 2988 1296 3018 17
