1821 3309
1468 183 1536 231 79

130 334 192 371 ris
220 329 337 372 milei,
403 328 452 368 ln
488 327 556 368 his
588 329 721 383 igitur
752 326 954 367 omnibus
984 326 1108 375 locis,
1128 324 1602 375 etiamsublatojaxo,

132 407 326 450 manebit
359 408 551 449 futurum
584 414 819 447 exactum:
853 405 1092 460 pei-fectum
1124 405 1391 445 coniunctivi
1423 419 1603 459 prorsus

133 487 318 529 barbare
359 493 612 542 poneretur.
679 482 725 523 ln
769 482 966 524 Poenulo
998 483 1186 537 denique
1217 482 1259 531 Ι,
1291 483 1342 532 2,
1376 484 1479 523 133;
1514 482 1602 523 De-

122 565 246 615 ferto
277 565 338 606 ad
369 578 458 612 me3
488 561 628 613 faxo,
662 567 855 603 «clatum
885 564 1131 602 consulerit
1161 560 1497 616 lymphaticum,
1538 562 1604 601 fu·

130 653 273 686 turum
317 651 524 685 exactum
570 656 650 697 pro
689 640 877 696 simplici
921 642 1096 696 ponitur
1142 640 1346 681 adiuncta
1379 639 1602 696 significa-

131 725 250 764 tione
282 724 345 764 rei
379 731 506 764 certae
541 731 583 762 et
618 730 823 776 tanquam
862 733 981 775 pa‘ne
1013 721 1097 760 iam
1134 720 1302 760 effectae
1335 718 1497 775 (gleich
1517 718 1600 759 soll

129 816 178 843 es
208 801 377 858 gestillt
406 801 555 856 seyn),
590 800 642 841 de
677 813 762 855 quo
794 800 896 839 item
931 807 1029 854 post
1059 799 1289 840 dicendum
1325 800 1421 842 erit.
1486 797 1603 839 Huic

130 881 358 922 indicativi
402 881 499 921 usui
545 893 722 935 prorsus
766 885 1108 919 consentaneum
1143 887 1234 929 est,
1284 878 1398 934 quod
1431 892 1602 933 semper

116 960 276 1010 faxim
298 963 415 1000 scias
441 959 615 1007 dicitur,
647 971 732 997 non
760 964 806 996 ut
835 959 950 996 scias
983 957 1168 1010 pendeat
1203 955 1256 996 ab
1291 970 1360 1004 eo,
1392 956 1506 1011 quod
1538 966 1600 996 est

115 1037 292 1090 faxim,
327 1038 401 1078 sed
437 1045 481 1077 ut
513 1051 565 1077 ea
600 1049 746 1084 causa,
782 1048 875 1089 quae
896 1035 1222 1075 coniunctis-um
1244 1035 1452 1090 requirat,
1480 1048 1602 1089 aeque

130 1127 362 1172 utrumque
411 1114 594 1156 verbum
640 1115 880 1169 contingat.
946 1113 1090 1154 Huius
1130 1115 1307 1168 generis
1353 1113 1447 1154 haec
1480 1121 1603 1154 sunt:

129 1195 271 1237 Plaut.
300 1194 524 1250 Amphitr.
561 1193 608 1245 1,
637 1195 690 1243 3,
725 1195 778 1234 12
811 1201 852 1234 et
883 1195 958 1234 13:
1004 1191 1200 1246 Edepol,
1231 1207 1294 1233 71oe
1324 1194 1405 1233 illa
1436 1196 1477 1232 si
1507 1196 1603 1233 istis

128 1273 255 1315 rebus
288 1279 332 1315 te
360 1278 473 1315 sciat
507 1287 678 1328 operam
699 1273 821 1323 dare,
855 1271 952 1327 Ego
969 1270 1138 1322 facim,
1171 1278 1213 1312 le
1242 1271 1600 1326 Amphitruonem

129 1367 222 1394 esse
266 1354 392 1395 malis
426 1368 552 1408 quam
583 1352 747 1402 „loz-em,
782 1361 823 1393 et
850 1351 1006 1393 Aulul.
1040 1349 1121 1402 Ill,
1152 1353 1194 1401 5,
1226 1353 1304 1391 20:
1340 1349 1600 1406 Egosaxim

129 1432 231 1485 (hoc
262 1433 299 1473 si
337 1430 450 1485 fiat),
486 1433 606 1483 muli,
634 1437 779 1487 prelio
811 1435 889 1485 qni
920 1437 1128 1484 superant
1164 1444 1306 1484 τίμιος,
1342 1428 1446 1470 Sint
1474 1430 1601 1470 vilio-

133 1525 202 1551 res
237 1510 428 1552 Gallici-s·
468 1509 733 1560 cantheriis,
768 1511 882 1563 (add.
921 1508 1104 1550 Trucul.
1135 1509 1181 1559 Ι,
1215 1511 1265 1558 l,
1297 1510 1377 1560 43,
1410 1507 1533 1549 Trin.
1568 1510 1602 1559 1,

129 1592 173 1641 2,
211 1591 311 1641 184,
345 1588 483 1631 Merc.
519 1588 599 1639 IV,
623 1592 665 1639 6,
699 1590 769 1642 10)
805 1598 847 1629 et
884 1588 1016 1630 Truc.
1050 1587 1109 1642 II,
1140 1590 1182 1639 3,
1215 1590 1293 1629 27:
1330 1587 1407 1628 Ila
1439 1601 1518 1642 ego
1551 1588 1602 1628 il-

130 1670 215 1710 lam
247 1669 405 1723 edepol
435 1682 598 1709 servem
633 1672 781 1723 itaque
808 1682 946 1722 parce
974 1672 1181 1717 ve'cle'lem,
1213 1673 1261 1707 at
1279 1668 1417 1717 nulla,
1433 1665 1602 1715 faxim,

124 1754 224 1802 post
254 1748 348 1788 dies
374 1761 542 1801 paucos
572 1750 669 1787 siet.
742 1746 790 1787 In
829 1747 961 1787 Persa
994 1748 1128 1801 igitur
1161 1745 1196 1793 l,
1230 1748 1272 1794 2,
1303 1745 1351 1786 21
1384 1746 1479 1785 sola
1512 1746 1602 1785 lucc

127 1827 229 1868 ferri
263 1834 405 1882 potest
437 1826 673 1881 scriptura:
708 1823 763 1865 Sa·
792 1825 839 1865 id
855 1824 965 1875 fiat,
1001 1823 1358 1874 uoez'sle',fa„tim,
1392 1838 1599 1879 nusquam

125 1910 370 1960 appareant
403 1905 549 1960 (quum
586 1919 671 1945 non
706 1904 848 1945 solum
884 1905 1017 1944 editio
1049 1903 1213 1944 Aldina
1245 1901 1394 1952 habet,
1425 1904 1501 1944 sed
1522 1901 1604 1944 Ca-

128 1985 385 2036 merai·ius);
426 1985 467 2024 in
502 1983 664 2024 altera:
707 1997 762 2023 ne
795 1987 885 2033 isli,
914 1981 1092 2032 sarim,
1127 1996 1304 2038 usquam
1341 1988 1604 2035 appareant,

129 2078 151 2103 a
183 2062 326 2104 Plauti
364 2076 441 2103 usu
475 2061 619 2103 aliena
651 2071 713 2103 est
749 2063 996 2103 coniunctio
1017 2060 1194 2112 faxim,
1223 2076 1290 2103 ne.

238 2141 401 2183 Praeter
436 2140 549 2182 lianc
581 2142 714 2182 futuri
735 2141 863 2190 ‚saxo
886 2156 980 2182 cum
1001 2139 1140 2182 altero
1162 2141 1308 2183 futuro
1335 2145 1605 2185 coniunctio-

126 2236 223 2263 nem
260 2220 397 2262 semel
434 2220 546 2277 apud
584 2219 784 2261 Plautum
818 2220 947 2275 (Rud.
986 2218 1065 2270 111,
1095 2221 1137 2271 5,
1173 2222 1226 2261 2;
1272 2220 1371 2278 Ego
1403 2229 1446 2264 te
1475 2222 1606 2264 hodie

111 2299 240 2350 faxo
273 2305 393 2341 recle
424 2303 686 2354 acceptam),
720 2299 785 2340 bis
821 2300 935 2355 apud
972 2298 1232 2341 Terentium
1266 2301 1524 2354 (Heautont.
1546 2302 1602 2351 Il,

123 2380 177 2428 2,
210 2377 286 2419 [00
319 2387 362 2419 et
398 2379 571 2422 phorm.
607 2379 674 2430 V,
717 2381 746 2419 8
791 2379 850 2433 (9)
882 2379 953 2432 39)
996 2393 1091 2419 cum
1126 2381 1358 2435 participio
1392 2382 1604 2436 iungitur,

126 2465 173 2497 ut
199 2456 312 2513 apud
341 2456 584 2512 Virgilium
621 2456 746 2506 (AEu.
778 2456 887 2506 XII,
917 2458 1018 2509 316)
1053 2472 1147 2498 cum
1181 2458 1419 2498 adiectivo.

243 2534 420 2577 Dictum
472 2542 538 2575 est
577 2533 630 2574 de
663 2533 812 2574 futuro
846 2533 1062 2589 simplici,
1094 2534 1147 2574 ad
1179 2535 1290 2590 quod
1327 2535 1405 2577 lias
1439 2536 1602 2578 formas

129 2615 257 2656 initio
305 2615 568 2670 pertinuisse
610 2613 916 2653 iudicavimus.
1002 2611 1107 2654 Inde
1149 2615 1513 2670 quemadmodum
1549 2616 1600 2656 ad

128 2694 322 2734 futurum
355 2700 564 2734 exactum
599 2690 934 2748 significandum
971 2693 1199 2734 transferri
1235 2695 1482 2750 potuerint,
1516 2709 1601 2736 non

129 2779 196 2812 est
229 2770 379 2812 multis
413 2771 561 2813 verbis
594 2770 922 2822 declarandum,
952 2785 1083 2827 quum
1115 2772 1158 2812 in
1191 2787 1243 2814 ea
1279 2774 1602 2823 coniunctione,

130 2850 173 2890 in
206 2863 290 2905 qua
323 2849 704 2906 frequentissimus
739 2852 875 2893 futuri
905 2852 1054 2894 exacti
1092 2859 1158 2892 est
1188 2865 1319 2902 usus,
1359 2861 1401 2894 et
1435 2860 1602 2894 ceteras
