1821 3309
316 239 348 285 2

249 379 433 419 aliorum
466 384 821 432 argumentorum
860 376 1072 417 varietate
1107 373 1365 416 exhilarari.
1431 373 1576 431 Atque
1610 391 1706 424 eam

248 456 419 510 quidem
450 455 760 510 disputationis
789 462 982 507 partem,
1030 468 1151 509 quae,
1197 467 1326 508 quum
1359 453 1414 493 sit
1446 467 1622 508 prorsus
1653 454 1707 496 ad

246 534 415 590 reliqua
447 533 730 590 praeparanda
765 533 1037 582 necessaria,
1082 531 1318 587 plurimum
1359 539 1503 573 tamen
1545 531 1706 576 habeat

245 613 474 661 molestiae,
506 612 747 653 confectam
779 613 865 652 iam
898 625 995 651 esse
1030 618 1073 650 et
1104 608 1365 661 absolutam,
1394 609 1534 652 laetor.
1590 611 1703 655 Nam

242 693 294 732 de
332 693 539 731 universo
581 691 871 730 instrumento
923 689 1072 729 critico
1115 688 1397 744 codieumque
1442 692 1703 745 cognatione

243 769 351 810 nihil
388 776 469 816 est,
501 768 613 823 quod
646 768 800 808 addam
835 769 905 816 iis,
937 780 1030 821 quae
1062 775 1150 806 tum
1187 766 1392 821 exposita
1423 777 1538 819 sunt,
1570 784 1702 825 quum

240 848 291 887 de
327 847 529 888 Sestiana
567 847 765 886 oratione
799 845 1066 899 disputatum
1099 852 1178 883 est.
1251 845 1335 884 Per
1376 847 1549 888 easdem
1585 849 1701 890 enim

240 926 435 967 codicum
466 922 656 964 familias
688 923 951 976 eosdemque
984 921 1075 962 fere
1111 922 1280 962 codices
1307 921 1372 962 hae
1407 923 1460 963 ad
1495 938 1574 966 nos
1605 940 1701 967 ora-

239 1007 382 1045 tiones
437 1009 756 1058 pervenerunt3
830 1008 995 1041 tantum
1064 998 1290 1054 singulare
1348 999 1459 1041 illud
1531 1012 1701 1045 contra-

237 1082 388 1123 hendae
421 1081 630 1121 orationis
660 1079 877 1128 studium,
923 1079 1034 1133 quod
1065 1079 1109 1118 in
1140 1079 1454 1119 recentissimis
1486 1079 1699 1122 Sestianae

238 1159 459 1202 codicibus
498 1167 718 1199 versatum
765 1165 857 1208 est,
913 1157 991 1197 has
1023 1158 1244 1197 orationes
1280 1171 1365 1197 non
1397 1159 1538 1213 magis
1569 1173 1697 1214 quam

238 1239 493 1280 Caelianam
524 1245 567 1277 et
591 1236 870 1277 Vatinianam
902 1236 1064 1291 attigit.
1127 1235 1213 1276 Sed
1245 1250 1376 1291 quum
1409 1243 1497 1276 tres
1531 1235 1591 1276 ibi
1627 1251 1697 1279 co-

235 1318 375 1358 dicum
408 1314 599 1357 familias
634 1315 936 1364 distinxerim,
975 1328 1156 1368 quarum
1194 1315 1236 1354 in
1271 1329 1357 1355 una
1388 1313 1473 1354 duo
1508 1315 1595 1355 sint
1625 1329 1697 1357 co-

235 1397 352 1437 dices
382 1393 656 1442 Beruenses,
700 1392 830 1433 huius
874 1391 1052 1433 familiae
1093 1393 1389 1432 testimonium
1421 1394 1464 1432 in
1497 1395 1695 1435 oratione

233 1476 284 1515 de
319 1473 557 1528 provinciis
589 1470 894 1511 consularibus
928 1485 1013 1511 non
1045 1471 1151 1511 satis
1182 1469 1361 1525 plenum
1393 1469 1620 1523 habemus,
1651 1473 1696 1513 in

232 1553 429 1593 oratione
464 1564 541 1603 pro
578 1547 717 1589 Balbo
749 1563 925 1603 prorsus
957 1563 1008 1589 eo
1042 1548 1345 1599 destituimur,
1376 1549 1461 1589 nisi
1494 1550 1607 1604 quod
1638 1564 1693 1591 ex

229 1631 380 1683 paucis
412 1627 668 1684 quibusdam
696 1627 896 1676 indiciis,
941 1640 1034 1682 quae
1065 1628 1205 1681 magis
1235 1625 1399 1675 latent,
1442 1641 1570 1682 quam
1614 1643 1694 1669 ex-

229 1709 374 1763 posita
408 1713 507 1746 sunt
539 1706 581 1743 in
615 1704 824 1743 addendis
856 1703 945 1744 vol.
978 1705 1056 1745 IV.
1088 1705 1190 1744 edit.
1226 1703 1366 1744 Orell.
1398 1719 1576 1759 operum
1601 1705 1691 1748 Cic.

170 1787 174 1792 '
226 1793 340 1841 part.
381 1783 440 1823 ΙΙ.
481 1798 520 1837 p.
551 1782 660 1830 599,
713 1779 1031 1836 intelligimus,
1078 1781 1258 1822 eandem
1298 1782 1341 1821 in
1377 1781 1459 1823 hac
1488 1790 1617 1838 atque
1647 1786 1692 1825 in

228 1864 385 1905 ceteris
417 1859 689 1902 orationibus
725 1873 873 1900 eorum
907 1859 1101 1900 codicum
1122 1860 1335 1900 rationem
1354 1874 1450 1900 esse
1467 1862 1518 1910 1).
1561 1861 1689 1910 Quod

227 1950 372 1983 autem
403 1941 447 1980 in
478 1938 718 1981 Vatiniana
749 1938 840 1978 dixi
872 1939 1014 1978 minus
1045 1937 1278 1993 diligenter
1311 1940 1518 1994 scriptum
1553 1939 1689 1981 fuisse

226 2019 367 2059 videri
411 2031 509 2058 eum
551 2015 770 2064 codicem,
827 2030 885 2056 ex
931 2030 1015 2071 quo
1066 2017 1203 2056 nostri
1248 2030 1399 2057 omnes
1446 2015 1689 2069 fluxerunt,

226 2106 354 2147 quain
387 2093 431 2131 in
464 2092 693 2144 Sestiana,
743 2094 784 2134 id
818 2094 870 2134 de
903 2095 1100 2134 oratione
1131 2093 1184 2134 de
1218 2095 1456 2148 provinciis
1487 2095 1688 2137 consula-

223 2168 345 2210 ribus
385 2170 477 2210 sere
522 2171 673 2212 eodem
716 2171 845 2212 modo
879 2171 1156 2212 iudicandum
1198 2180 1291 2220 est,
1335 2171 1387 2211 de
1420 2169 1685 2214 Corneliana

224 2256 368 2288 antem
401 2247 538 2289 multo
570 2250 727 2303 magis,
758 2258 804 2290 ut
834 2258 987 2303 postea
1019 2250 1175 2300 dicam,
1207 2263 1337 2304 quum
1367 2249 1419 2289 ad
1452 2264 1546 2291 eam
1582 2266 1683 2292 ven-

223 2334 312 2365 tum
350 2326 445 2365 erit.
518 2325 780 2367 Parisiensis
823 2342 993 2383 quoque
1028 2328 1187 2368 codicis
1219 2328 1404 2382 scriptor
1436 2329 1577 2369 minus
1622 2330 1684 2370 di-

222 2402 410 2458 ligenter
459 2403 503 2442 in
548 2411 728 2460 utraque
779 2405 859 2446 hac
904 2407 1100 2448 oratione
1144 2404 1372 2460 exemplar
1414 2407 1681 2460 propositum

222 2480 463 2521 reddidisse
498 2482 681 2523 videtur.

246 2688 276 2729 ¹)
306 2686 512 2731 [integram
541 2688 740 2733 scripturae
760 2688 1109 2736 discrepantiarum
1136 2690 1306 2724 oratione
1319 2701 1389 2735 pro
1403 2687 1522 2723 Balbo
1548 2695 1680 2737 postea

312 2746 484 2780 Orellius
502 2748 633 2793 posuit
648 2748 687 2782 in
704 2749 929 2795 praefatione
954 2750 1169 2785 orationum
1200 2751 1423 2785 selectarum
1449 2750 1680 2797 quindecim,

314 2819 405 2853 quas
432 2807 564 2842 Tui-ici
594 2822 625 2843 a.
661 2813 752 2843 18:36
789 2811 933 2852 edidit,
967 2825 1003 2858 p.
1032 2812 1123 2846 xm
1150 2824 1253 2859 sqq„
1285 2823 1333 2845 nc
1359 2811 1390 2844 is
1417 2810 1570 2857 quidem
1597 2815 1678 2846 tum

311 2872 451 2903 nostrae
471 2868 744 2916 disputationis
761 2875 825 2906 anit
839 2872 984 2907 codicis
1000 2873 1228 2908 parisiensis
1248 2884 1387 2918 gnarus
1415 2876 1479 2906 aut
1503 2873 1674 2916 memor]
