1821 3309
270 213 376 268 204

197 367 287 400 stes
318 357 416 398 fuit.
442 352 476 411 ¹)
535 349 650 398 Nam
689 363 732 397 et
766 352 908 397 Persii
954 349 1217 397 scholiastes
1261 361 1303 395 et
1336 350 1560 396 Iuvenalis
1594 354 1665 410 (ad

197 445 279 481 sat.
313 434 347 487 Ι,
376 434 407 479 l.
431 449 482 487 c.,
515 434 592 476 ubi
622 436 666 476 in
699 436 827 475 initio
859 434 1017 475 scholii
1047 442 1226 490 propter
1258 432 1474 476 Pallantis
1506 449 1667 477 nomen

194 530 332 573 prave
367 516 500 557 etiam
531 514 714 555 Licinus
743 513 918 555 Claudii
948 513 1134 554 libertus
1165 513 1346 563 dicitur,
1381 527 1488 555 mox
1519 515 1668 557 omnia

196 597 373 651 copiose
399 593 714 650 explicantur),
748 592 967 644 Licinum,
999 591 1047 634 C.
1070 591 1173 633 Iulii
1200 591 1386 633 Caesaris
1412 607 1590 634 servum
1622 602 1667 634 et

193 674 567 730 dispensatorem,
620 671 824 723 Gallum,
873 671 926 712 ab
961 673 1057 726 ipso
1093 670 1141 712 C.
1177 670 1350 712 Caesare
1382 680 1457 713 aut
1487 670 1541 712 ab
1573 670 1666 713 Au-

195 761 325 809 gusto
362 753 704 802 manumissum,
736 751 892 791 deinde
927 749 1083 791 Galliae
1117 759 1469 806 procuratorem,
1499 749 1666 792 intelli-

193 841 326 889 gunt3
374 840 528 887 estque
574 845 625 871 ea
656 844 844 886 persona
875 831 1117 885 aptissima.
1182 829 1381 872 Eundem
1418 829 1564 870 Licini
1594 837 1663 870 tu-

193 910 361 953 mulum
392 909 614 951 Martialis
648 908 901 965 significare
939 909 1111 950 videtur
1143 907 1270 960 VIII,
1299 910 1342 960 3,
1371 911 1422 950 6:
1468 908 1665 963 Altaque

192 1004 319 1046 quum
342 989 499 1030 Licini
528 1003 744 1029 marmora
772 989 919 1042 pulvis
953 994 1092 1028 erunt.
1157 987 1273 1028 Illud
1309 986 1488 1028 dubium
1521 987 1662 1029 videri

191 1076 352 1124 potest,
381 1075 556 1108 rectene
587 1066 761 1108 Horatii
796 1067 1056 1107 scholiastes
1089 1067 1273 1107 eundem
1307 1081 1403 1107 esse
1434 1074 1558 1122 putet
1584 1065 1661 1107 Li-

191 1149 337 1189 cinum
368 1154 587 1187 tonsorem
619 1147 664 1186 in
697 1146 751 1186 A.
786 1145 831 1186 P.
863 1160 906 1185 v.
935 1147 1017 1186 301
1056 1147 1353 1194 nominatum;
1398 1158 1659 1200 quamquam

189 1240 332 1281 neque
363 1224 623 1265 incredibile
655 1233 737 1273 est,
768 1224 891 1265 illam
927 1238 1102 1280 operam
1135 1233 1231 1264 ante
1269 1225 1659 1265 manumissionem

186 1303 390 1346 Licinum
423 1303 612 1344 dominis
647 1305 902 1359 praestitisse
933 1305 1126 1358 satisque
1157 1303 1199 1343 id
1215 1302 1401 1344 Horatio
1435 1303 1573 1343 fuisse
1605 1302 1660 1344 ad

189 1396 287 1425 eum
324 1383 514 1423 tonsoris
549 1383 724 1423 nomine
757 1391 799 1422 et
833 1396 1012 1422 munere
1040 1381 1298 1432 ornandum,
1331 1388 1374 1421 et
1392 1381 1531 1422 Persii
1553 1395 1659 1437 quo-

187 1475 270 1516 que
301 1460 562 1502 scholiastes
593 1466 807 1502 tonsorem
840 1475 893 1501 ac
921 1459 1122 1501 libertum
1153 1460 1346 1516 Augusti
1365 1458 1551 1500 Caesaris
1583 1474 1660 1516 ap-

184 1538 339 1594 pellat.
409 1539 663 1596 Augustum
695 1549 841 1581 tamen
873 1541 987 1581 dicat
1017 1539 1176 1595 aliquis
1210 1540 1286 1581 vix
1320 1554 1371 1580 eo
1403 1539 1581 1580 homine
1611 1539 1656 1579 in

183 1617 264 1659 tali
295 1619 540 1659 ministerio
575 1617 786 1670 abusum,
819 1634 946 1675 quem
978 1619 1278 1673 procurationi
1308 1618 1515 1659 idoneum
1544 1617 1657 1659 iudi-

184 1705 318 1747 caret,
350 1706 393 1738 et
408 1696 644 1739 Horatium
676 1707 897 1739 tonsorem
928 1707 1065 1739 artem
1097 1697 1235 1754 vulgo
1257 1706 1539 1739 exercentem
1561 1699 1652 1755 sig-

181 1774 380 1816 nificare.
447 1777 566 1832 Ergo
599 1776 682 1818 hoc
713 1779 943 1818 incertum.
1009 1777 1095 1818 Sed
1132 1777 1259 1818 illum
1294 1778 1488 1832 Augusti
1518 1776 1654 1819 liber-

181 1862 273 1895 tum
316 1862 359 1894 et
402 1864 731 1909 procuratorem
764 1870 903 1911 prosae
939 1856 1150 1896 orationis
1181 1857 1416 1910 scriptores
1447 1857 1540 1897 fere
1571 1855 1653 1897 Le·-

183 1935 345 1973 cz'nz'um
387 1933 614 1988 appellant
652 1949 792 1990 eoque
839 1935 1015 1975 nomine
1058 1933 1127 1975 illi
1172 1935 1217 1975 in
1262 1935 1518 1976 divitiarum
1573 1948 1652 1976 ex-

182 2010 325 2067 emplo
360 2020 555 2053 utuntur.
614 2012 682 2054 De
725 2015 1033 2069 procuratione
1067 2014 1353 2068 rapacissima
1386 2023 1515 2055 notus
1544 2012 1652 2055 Dio-

180 2090 248 2128 nis
284 2097 350 2130 est
379 2089 503 2131 locus
545 2092 588 2131 in
625 2091 739 2133 libro
781 2093 911 2144 LIV,
954 2093 1086 2145 21‚2)
1138 2106 1277 2146 eoque
1329 2082 1527 2147 spectant
1573 2093 1652 2133 Se·

181 2179 327 2217 necae,
373 2168 411 2207 si
448 2168 618 2209 Seneca
652 2178 776 2220 sunt,
825 2170 961 2211 verba
1005 2172 1050 2210 iu
1082 2169 1187 2211 ludo
1219 2170 1271 2210 de
1303 2179 1442 2211 morte
1475 2170 1650 2212 Claudii

179 2257 272 2300 cap.
302 2246 351 2286 6:
386 2244 602 2299 Lugduni
631 2247 836 2289 Licinius
863 2249 1018 2289 mullos
1048 2261 1185 2289 menos
1215 2252 1435 2304 regnavit.
1497 2249 1651 2291 Patro—

179 2335 283 2362 num
317 2322 567 2378 Augustum
599 2334 641 2366 et
671 2327 873 2382 ingentes
906 2327 1084 2368 divitias
1113 2326 1368 2368 Macrobius
1397 2327 1649 2379 Saturn.II,

175 2401 205 2440 4
235 2411 559 2444 commemorat.
629 2403 834 2446 Licinum
891 2414 1037 2447 tamen
1086 2405 1313 2462 appellare
1358 2406 1530 2447 videtur
1570 2406 1648 2448 Se-

177 2493 285 2521 neca
315 2481 360 2521 in
391 2481 580 2536 epistola
615 2484 720 2535 119,
774 2487 828 2525 10
879 2486 1083 2541 (quorum
1129 2488 1307 2526 nomina
1351 2498 1445 2526 cum
1490 2483 1645 2528 Crasso

206 2596 235 2637 ι)
273 2594 407 2629 Galliae
434 2606 598 2642 praeerat
622 2600 786 2635 libertus
816 2602 849 2636 is
878 2601 1059 2648 Augusti,
1086 2602 1132 2636 de
1151 2613 1226 2649 quo
1251 2601 1391 2648 agitur,
1415 2606 1646 2648 procurator

269 2666 299 2688 a.
341 2658 384 2688 16
422 2662 462 2690 ct
489 2663 533 2694 15
569 2673 599 2695 a.
631 2662 721 2696 Chr.
759 2675 795 2697 n.
833 2663 925 2707 (vid.
961 2663 1036 2698 Dio
1072 2663 1178 2697 Cass.
1218 2663 1304 2709 loco
1334 2675 1421 2698 mox
1447 2663 1643 2708 citando);

264 2719 704 2762 post.proeurationen1
737 2724 866 2759 Romae
911 2725 1040 2771 praeda
1074 2736 1212 2765 usum,
1245 2723 1435 2757 Macrobii
1470 2725 1641 2759 narratio

266 2776 488 2821 significare
521 2780 699 2823 videtum
737 2785 930 2821 luvenalis
968 2785 1198 2822 scholiastes
1234 2784 1392 2820 Tiberio
1427 2786 1640 2833 imperante

263 2835 391 2873 obisse
418 2839 523 2874 dicit.

194 2898 230 2941 ²)
267 2898 396 2937 Etiam
426 2900 629 2949 xiphilino
654 2908 817 2944 Λικίνιος
849 2912 916 2942 cst.
