1821 3309
241 146 336 197 168

170 286 340 338 relicta,
372 283 587 326 nonnulla
626 286 759 327 etiam
800 298 887 327 non
917 292 1034 327 recte
1076 286 1277 327 instituta
1308 291 1351 326 et
1381 299 1505 343 paene
1535 300 1562 328 a
1591 280 1638 327 se

171 365 375 406 damnata
410 363 572 416 videat,
603 378 691 405 non
722 377 831 421 opus
863 373 928 406 est
958 364 1059 406 dici.
1122 362 1216 407 Nec
1245 365 1291 406 in
1322 378 1474 406 eorum
1504 363 1640 405 studi-

173 458 297 486 orum
322 444 534 485 memoria
554 444 726 486 animus
747 445 963 494 consistit,
987 444 1041 485 ad
1068 457 1162 499 quae
1183 444 1384 499 proxime
1409 441 1641 500 opusculo-

173 536 270 565 rum
299 530 558 579 argumenta
589 524 832 579 pertinent3
874 531 1021 565 cetera
1051 536 1224 579 quoque
1252 530 1500 574 occurrunt,
1531 535 1642 578 quae‚

174 614 252 658 spe
296 600 580 657 consiliisque
619 603 802 658 agitata,
848 603 1088 644 maximam
1128 610 1298 658 partem
1337 616 1422 642 non
1453 599 1643 641 ulterius

174 694 409 737 progressa
449 682 606 723 iacent.
673 681 820 737 Atque
864 681 956 722 haec
1001 681 1149 722 omnia
1183 695 1236 721 eo
1270 681 1414 735 magis
1447 677 1573 729 fiunt,
1605 678 1643 719 si

176 759 229 801 ad
270 759 386 800 idem
431 768 740 816 argumentum
782 758 920 801 simili
963 760 1195 800 occasione
1241 757 1513 799 tractandum
1547 757 1643 798 sive

177 839 272 894 quis
303 853 429 880 casus
470 840 566 881 sive
609 836 853 881 deliberata
892 838 1089 895 quaedam
1118 839 1232 879 ratio
1274 836 1541 879 scribentem
1570 835 1645 877 de-

176 916 331 968 duxit3
385 918 500 974 quod
542 918 650 960 mihi
694 918 778 960 hoc
819 925 1016 973 tempore
1058 915 1227 959 accidit.
1293 916 1473 973 Septem
1527 915 1645 957 enim

176 997 260 1051 ipsi
304 1004 406 1037 sunt
447 998 577 1048 anni,
629 1011 762 1053 quum
806 998 995 1052 primum
1040 995 1123 1037 hoc
1166 1003 1316 1038 coetus
1371 994 1646 1036 academicos

176 1073 396 1116 indicendi
430 1089 612 1117 munere
643 1083 850 1131 tanquam
890 1089 988 1116 meo
1019 1088 1069 1116 ac
1098 1076 1276 1131 proprio
1317 1073 1493 1115 functus
1527 1086 1647 1121 sum;

177 1160 309 1194 extra
361 1153 559 1195 ordinem
606 1154 693 1195 iam
744 1163 874 1195 antea
917 1161 1132 1195 executus
1173 1167 1308 1194 eram.
1373 1150 1647 1194 Enarrabam

176 1238 267 1273 tum
311 1229 538 1273 Iuvenalis
581 1234 740 1273 satiras
785 1233 996 1289 quasdam
1049 1231 1237 1273 selectas
1277 1231 1561 1287 studioseque
1602 1229 1647 1272 id

175 1308 378 1364 agebam,
419 1317 466 1350 ut
496 1318 540 1351 et
571 1323 647 1351 eos
686 1309 826 1362 locos,
872 1312 946 1366 qui
989 1312 1134 1352 minus
1176 1318 1296 1351 recte
1340 1325 1366 1352 a
1409 1310 1648 1364 superiori-

177 1387 259 1430 bus
284 1387 600 1445 interpretibus
630 1391 805 1430 tractati
836 1397 998 1441 essent,
1039 1389 1270 1445 perspicue
1302 1387 1575 1443 explicarem
1605 1396 1650 1429 et

176 1468 388 1509 incertam
428 1467 646 1523 quandam
689 1476 733 1509 et
775 1467 1030 1510 instabilem
1072 1467 1393 1525 interpretandi
1431 1468 1649 1510 rationem

177 1546 233 1589 ad
274 1547 521 1588 severiores
561 1545 685 1603 leges
725 1548 1018 1589 revocandam
1056 1561 1153 1590 esse
1198 1547 1490 1589 ostenderem.
1562 1545 1650 1588 Ita-

178 1640 262 1682 que
317 1639 378 1666 ex
428 1625 498 1667 his
535 1627 643 1682 ipsis
697 1626 861 1669 scholis
905 1625 1126 1669 scribendi
1171 1626 1279 1668 mihi
1321 1626 1506 1668 materia
1547 1633 1651 1666 nata

178 1712 260 1755 est,
294 1706 792 1761 commentationemque
827 1705 881 1747 de
907 1704 1018 1746 locis
1052 1705 1221 1762 aliquot
1254 1704 1483 1747 Iuvenalis
1515 1706 1651 1746 inter·

175 1782 401 1839 pretandis
436 1782 575 1832 edidi3
617 1797 712 1839 quae
743 1798 874 1839 quum
909 1783 1019 1825 duos
1049 1784 1142 1825 fere
1177 1782 1336 1825 abhinc
1366 1797 1505 1825 annos
1537 1784 1650 1839 typis

176 1869 452 1917 repeteretur
490 1863 607 1903 inter
642 1861 854 1917 opuscula
891 1876 990 1904 mea
1019 1861 1273 1922 academica
1303 1870 1346 1903 et
1376 1861 1431 1903 ad
1459 1862 1650 1903 Iuvena-

176 1938 266 1981 lem
306 1941 499 1981 animum
542 1940 767 1997 paulisper
815 1943 1122 1993 convertisset,
1172 1949 1518 1996 renovassetque
1561 1953 1651 1982 me-

178 2019 364 2061 moriam
406 2033 574 2070 eorum,
618 2033 712 2075 quae
756 2020 803 2061 in
845 2021 941 2061 eius
983 2022 1216 2061 satirarum
1249 2018 1445 2076 vulgatis
1476 2032 1652 2060 enarra-

179 2096 374 2137 tionibus
404 2097 775 2149 desiderarentur,
815 2106 858 2139 et
888 2099 1117 2140 materiam
1148 2097 1257 2140 mihi
1287 2098 1470 2139 alterius
1501 2097 1679 2152 dispu-'

180 2176 360 2217 tationis
382 2173 613 2216 collectam
644 2188 741 2216 esse
771 2175 1024 2233 significavi
1055 2185 1098 2218 et
1128 2190 1196 2218 me
1228 2190 1324 2218 eam
1350 2177 1539 2218 fortasse
1569 2173 1651 2216 ali·

181 2252 355 2309 quando
388 2254 748 2309 conscripturum.
770 2253 804 2307 l)
870 2253 919 2295 Id
950 2256 1214 2310 promissum
1248 2263 1295 2296 ut
1328 2269 1443 2296 nunc
1473 2255 1651 2311 potissi-

180 2344 302 2373 mum
342 2330 592 2384 exsolvam,
630 2332 783 2374 eadem
827 2333 997 2386 suadet,
1038 2348 1133 2390 quae
1171 2336 1360 2390 primum
1398 2334 1451 2375 de
1486 2332 1568 2375 hac
1601 2347 1650 2375 re

181 2406 402 2451 scribendi
429 2410 604 2453 initium
636 2410 770 2464 dedit,
801 2411 1052 2454 scholarum
1087 2427 1281 2455 mearum
1315 2415 1446 2465 ratio,
1476 2414 1521 2454 in
1555 2412 1649 2468 qui-

180 2486 263 2529 bus
293 2487 551 2532 Iuvenalem
581 2503 713 2547 quum
742 2492 938 2533 maxime
964 2500 1118 2534 tracto.
1173 2492 1268 2535 Nec
1299 2493 1489 2534 tenuitas
1520 2489 1651 2532 huius

183 2569 434 2623 argumenti
461 2570 508 2610 in
531 2569 744 2626 dispersa,
774 2577 822 2611 ut
852 2571 914 2611 ita
938 2571 1094 2622 dicam,
1126 2570 1322 2612 locorum
1347 2570 1649 2625 decerptorum

186 2645 444 2687 tractatione
486 2648 641 2703 positi,
694 2661 786 2705 quae
831 2647 939 2691 mihi
978 2649 1061 2707 ipsi
1107 2663 1221 2690 nunc
1271 2649 1459 2690 fortasse
1511 2646 1650 2688 maior

214 2820 242 2861 ¹)
279 2819 316 2853 Ρ.
346 2822 389 2853 63
415 2825 496 2856 not⁴
