1821 3309
1392 211 1495 262 207

91 354 146 397 de
183 351 362 396 selectis
404 348 665 407 quibusdam
706 349 817 392 locis
861 351 1156 408 grammaticae
1185 349 1355 394 Latinae
1386 352 1562 396 scholas

91 433 363 476 academicas
409 428 643 478 haberen13
681 443 864 485 quarum
900 444 1160 486 quamquam
1205 437 1296 471 tota
1327 431 1440 472 ratio
1473 432 1563 474 alia

91 510 289 567 quaedam
331 522 429 550 esse
471 506 660 549 debebat
704 522 832 563 quam
867 523 961 564 quae
992 509 1046 548 iis
1079 507 1205 549 libris
1237 511 1456 560 convenit,
1488 513 1564 567 qui

89 587 362 631 scholasticae
408 586 698 628 institutionis
744 600 876 628 causa
922 585 1171 628 scribuntur
1210 585 1371 643 (qualis
1416 597 1562 630 autem

88 667 239 718 fuerit,
282 680 344 707 ex
388 663 469 706 illa
510 665 563 707 de
605 679 689 705 usu
733 673 775 706 et
810 673 966 707 natura
1006 665 1245 706 formarum
1289 667 1561 721 quarundam

89 744 215 787 verbi
253 744 404 786 Latini
447 744 757 799 disputatione,
806 743 999 800 intelligi
1040 744 1134 785 fere
1179 744 1355 799 potest),
1396 753 1559 795 tamen,

88 838 221 880 quum
253 837 567 880 compararem,
599 823 702 878 quid
735 837 905 878 quaque
938 823 990 863 de
1022 837 1068 864 re
1100 822 1235 879 vulgo
1267 823 1310 863 in
1343 822 1561 878 probatis·

87 903 211 944 simis
254 901 381 943 libris
425 902 691 953 traderetur,
733 910 776 942 et
823 903 868 942 in
914 915 965 942 eo
1008 902 1186 957 negotio
1228 901 1299 942 vel
1341 904 1558 959 praecipue

88 980 282 1037 Zumptii
324 979 487 1022 librum
531 979 783 1021 adhiberem
821 994 952 1035 quum
988 988 1165 1034 propter
1196 978 1311 1020 bona
1343 981 1438 1022 eius
1469 991 1559 1023 tum

86 1068 264 1116 propter
291 1073 417 1100 usum
443 1058 531 1100 late
560 1067 866 1114 pervagatum,
895 1056 1242 1099 subnascebatur
1270 1060 1454 1100 materia
1480 1058 1562 1101 ali-

86 1152 171 1194 qua
215 1136 574 1179 observationum
618 1146 661 1179 et
703 1137 1034 1178 adnotationum
1076 1136 1128 1177 de
1163 1137 1377 1178 eiusmodi
1410 1136 1560 1187 rebus,

85 1229 180 1272 quae
224 1229 311 1257 non
359 1217 404 1257 in
450 1216 532 1258 hoc
576 1215 646 1258 vel
689 1215 769 1256 illo
803 1214 946 1266 libro,
993 1215 1070 1256 sed
1108 1217 1327 1256 communi
1371 1217 1558 1272 quodam

87 1308 234 1336 errore
269 1308 356 1335 non
388 1303 506 1336 recte
537 1295 650 1336 tradi
681 1295 951 1345 viderentur,
986 1302 1028 1334 et
1063 1308 1157 1350 quae
1190 1296 1424 1349 separatim
1461 1310 1559 1350 par-

85 1372 388 1429 ticulatimque
424 1374 585 1429 corrigi
625 1381 820 1428 possent.
882 1372 1034 1428 Itaque
1062 1387 1193 1428 quum
1222 1375 1395 1424 scirem,
1428 1373 1560 1416 Zum-

85 1453 225 1507 ptiuin
255 1460 456 1493 octavam
487 1450 590 1492 libri
625 1453 694 1492 sui
725 1451 960 1492 editionem
994 1465 1165 1506 parare,
1196 1452 1372 1493 decrevi
1402 1467 1462 1494 ex
1491 1451 1558 1494 his

87 1531 281 1587 quaedam
311 1529 500 1587 seligere
531 1544 768 1586 eorumque
796 1530 835 1570 ei
863 1530 1031 1585 copiam
1059 1530 1218 1580 facere,
1250 1532 1288 1571 si
1320 1531 1381 1571 uti
1409 1529 1559 1572 vellet.

86 1608 228 1651 Simul
274 1618 446 1661 autem,
491 1609 604 1664 quod
650 1624 701 1650 ea
743 1617 818 1650 aut
860 1623 885 1650 a
928 1607 1233 1649 communibus
1275 1609 1558 1665 opinionibus

86 1686 383 1730 abhorrebant
420 1696 494 1729 aut
516 1688 734 1728 interdum
761 1686 1037 1743 attingebant
1067 1697 1264 1729 veterum
1295 1689 1557 1744 scriptorum

81 1765 205 1809 locos
247 1781 334 1808 non
372 1775 491 1808 rec-te
536 1775 611 1807 aut
651 1767 837 1821 scriptos
879 1775 954 1806 aut
986 1766 1253 1818 intellectos,
1287 1767 1481 1807 rationes
1516 1776 1559 1807 et

85 1859 240 1888 causas
279 1845 558 1897 iudiciorum,
604 1859 698 1901 quae
735 1847 778 1886 in
823 1845 1038 1886 eiusmodi
1070 1844 1185 1887 libro
1221 1845 1438 1902 explicari
1471 1859 1556 1887 non

82 1933 288 1981 possent,
332 1923 507 1980 plenius
554 1923 888 1979 perscribendas
924 1923 1160 1978 putabam,
1206 1933 1277 1974 ut,
1322 1938 1454 1979 quum
1497 1938 1559 1965 eae

83 2002 192 2045 alibi
235 2004 362 2044 editae
408 2010 570 2053 essent,
612 2010 705 2042 tuto
741 2016 921 2043 summae
963 2003 1067 2058 ipsae
1115 2003 1434 2044 sententiarum
1466 2001 1557 2043 illie

83 2083 186 2137 poni
214 2089 406 2138 possent.
469 2080 621 2137 Itaque
649 2079 749 2122 feci.
810 2082 895 2123 Sed
924 2096 1056 2138 quum
1087 2081 1210 2122 tarde
1237 2095 1329 2123 rem
1360 2095 1557 2136 agerem,

81 2171 172 2203 tum
203 2161 375 2202 demum
403 2160 561 2202 chartae
590 2159 678 2200 illoe
709 2158 965 2202 Berolinum
997 2169 1228 2212 venerunt,
1259 2174 1392 2216 quum
1423 2159 1555 2201 Zum-

84 2241 163 2296 ptii
192 2239 307 2282 liber
336 2242 423 2281 iam
449 2240 562 2295 typis
591 2239 834 2295 descriptus
866 2249 997 2292 esset,
1021 2249 1070 2281 ut
1100 2241 1154 2281 iis
1186 2241 1248 2281 uti
1276 2254 1363 2281 non
1392 2250 1557 2294 posset.

82 2319 166 2359 nisi
211 2320 255 2359 in
299 2333 385 2360 uno
431 2318 541 2360 folio
581 2319 693 2374 typis
734 2318 920 2359 reddito.
985 2319 1080 2376 Ego
1117 2327 1278 2371 autem,
1311 2333 1440 2375 quum
1476 2318 1555 2358 boc

84 2405 278 2452 tempore
322 2395 488 2451 aliquid
523 2396 738 2437 edendum
771 2396 877 2437 mihi
910 2398 982 2449 sit,
1018 2412 1147 2439 omne
1178 2407 1324 2439 autem
1365 2405 1554 2451 tempus„

83 2474 195 2530 quod
247 2489 272 2515 a
313 2475 506 2516 muneris
550 2472 717 2529 publici
759 2476 949 2529 negotiis
992 2484 1218 2531 superest,
1275 2473 1388 2516 alius
1432 2473 1555 2514 labor

81 2552 249 2609 pridem
292 2561 522 2609 susceptus
570 2552 776 2603 vindicet,
818 2554 981 2606 paratis
1021 2554 1229 2595 utendum
1271 2562 1408 2604 ratus,
1450 2567 1554 2609 quo-

82 2632 198 2673 niam
231 2646 346 2673 nova
378 2631 549 2672 institui
591 2639 634 2671 et
667 2630 819 2687 perfici
863 2647 948 2674 non
989 2641 1185 2689 possunt,
1217 2633 1424 2674 maiorem
1458 2646 1555 2688 par·

81 2718 169 2752 tem
214 2710 410 2760 illorum,
441 2724 536 2767 quae
578 2718 667 2751 tum
717 2710 892 2766 plenius
935 2713 1289 2768 perscripseram,
1330 2710 1553 2752 nonnullis

86 2788 271 2844 demptis
313 2798 388 2831 aut
430 2790 605 2841 additis,
646 2788 718 2831 hic
763 2790 860 2832 edo.
919 2789 1013 2833 Nec
1054 2806 1184 2847 quum
1218 2791 1299 2833 hac
1333 2792 1413 2832 sim
1450 2805 1553 2831 usus

86 2865 356 2920 praefatione,
387 2870 614 2924 quaesitum
647 2869 701 2911 iri
730 2870 874 2922 credo,
902 2885 993 2922 cur,
1025 2872 1187 2913 omissa
1217 2871 1332 2912 omni
1359 2870 1552 2924 disputa-
