1821 3309
1444 185 1511 234 75

115 326 203 378 bat,
237 329 410 379 inuasit,
446 330 662 384 cessitque
694 329 838 384 potius
869 328 1045 368 omnino
1072 326 1171 366 aliis
1203 326 1369 378 formis,
1398 328 1582 368 fortasse

111 405 166 446 ob
204 407 341 462 ipsam
386 421 482 447 cum
530 408 737 461 praeteriti
773 408 901 461 signo
933 405 1254 460 copulationem
1291 414 1333 446 et
1367 405 1582 461 ambigui-

113 493 260 524 tatem.
322 484 387 524 Ac
419 499 472 524 ne
505 484 547 524 id
577 484 749 538 quidem
781 483 892 532 dico,
929 483 1063 523 fuisse
1096 482 1331 537 aliquando
1366 485 1408 523 in
1443 486 1581 523 omni-

113 562 193 603 bus
226 561 372 602 verbis
404 561 655 602 huiusmodi
687 561 904 608 futurum;
954 560 1090 602 multo
1125 569 1191 600 est
1225 562 1339 601 enim
1382 560 1583 616 probabi-

110 639 222 690 lius,
268 639 461 680 futurum
500 641 542 680 in
577 653 623 680 so
656 638 815 680 cadens
843 641 1066 695 propi-ium
1096 640 1233 680 fuisse
1268 639 1501 681 verborum
1539 642 1581 679 in

111 726 422 759 consonantem
459 720 747 769 exeuntium,
793 733 975 774 quorum
1014 721 1055 758 in
1093 718 1240 759 multis
1273 728 1389 759 esset
1424 733 1583 774 cogna-

112 805 200 837 tum
233 798 526 852 praeteritum,
573 807 615 837 et
650 806 738 838 tum
776 798 980 850 demum,
1023 812 1152 853 quum
1176 795 1303 846 faxo
1335 796 1584 852 similiaque

111 878 195 916 iam
227 877 269 916 in
304 874 438 916 alium
477 889 600 916 usum
634 875 911 928 inclinarent,
943 877 994 917 ad
1028 875 1150 916 illam
1186 874 1434 930 analogiam
1468 876 1581 916 facta

113 968 210 996 esse
238 967 422 1004 amas-50,
457 955 641 1004 levasso,
677 964 835 996 cetera.
903 954 1053 994 Minus
1085 956 1169 993 iam
1205 955 1286 993 erit
1308 955 1479 1003 mirum,
1506 953 1584 994 hu-

113 1033 299 1074 iusmodi
340 1041 542 1073 conatum
592 1034 777 1072 cessisse
822 1032 910 1073 levi
953 1034 1048 1072 soni
1099 1032 1400 1087 repugnantiae
1444 1033 1485 1071 in
1530 1033 1582 1071 iis

115 1111 288 1160 verbis,
321 1125 414 1166 quae
447 1112 621 1166 proprie
650 1112 822 1151 exirent
855 1112 896 1151 in
930 1114 949 1151 i
982 1110 1194 1151 vocalem.
1224 1111 1256 1163 ¹)

225 1189 333 1230 Dixi
369 1190 453 1229 iam
489 1190 677 1244 saepius,
727 1190 808 1230 hoc
855 1190 1048 1230 futurum
1103 1188 1158 1230 ab
1213 1190 1337 1229 initio
1393 1189 1583 1244 simplex

112 1271 273 1319 fuisse,
324 1282 408 1308 non
454 1277 675 1309 exactum.
760 1267 801 1309 Is
844 1277 988 1308 tamen
1032 1282 1136 1308 usus
1171 1269 1213 1308 in
1260 1283 1345 1308 uno
1378 1269 1584 1308 remansit

114 1346 428 1399 vet·bo‚fu.z·o,
459 1349 582 1387 cuius
615 1349 674 1388 ita
711 1349 840 1402 positi
871 1347 983 1402 apud
1017 1346 1217 1388 Plautum
1251 1356 1293 1386 et
1326 1345 1584 1386 'Terentium

113 1427 208 1480 plus
245 1440 373 1481 quam
408 1428 644 1480 sexaginta
678 1435 777 1465 sunt
805 1425 1038 1480 exemp1a3
1074 1426 1187 1480 apud
1220 1425 1451 1464 inferiores
1483 1426 1587 1465 scri-

117 1514 263 1561 ptores
307 1503 436 1544 alitei·
480 1506 666 1559 positum
713 1518 797 1544 non
833 1506 1015 1559 reperiri
1051 1506 1150 1558 (nisi
1187 1502 1298 1558 apud
1333 1502 1508 1543 Livium
1544 1504 1585 1541 in

115 1583 389 1639 antiquitatis
419 1582 699 1636 imitatione),
734 1584 934 1635 superius
965 1583 1083 1631 dixi3
1116 1597 1194 1622 nee
1224 1580 1403 1622 difficile
1438 1590 1502 1621 est
1535 1581 1585 1620 ad

117 1660 458 1707 inveniendum,
498 1675 573 1700 cur
605 1660 686 1701 hoc
723 1662 994 1715 potissimum
1029 1660 1324 1716 vulgatissimi
1358 1674 1461 1700 usus
1497 1674 1589 1700 vei·-

118 1741 218 1782 bum
260 1737 628 1794 significationem
675 1740 897 1793 antiquam
944 1741 1148 1781 servarit.
1171 1740 1208 1791 ²)
1271 1739 1431 1779 Praeter
1463 1737 1589 1788 ‚simo

144 1904 171 1945 ¹)
211 1901 265 1935 Ne
313 1900 354 1934 in
378 1900 427 1933 iis
460 1900 614 1947 quidem
640 1900 781 1940 ven-bis,
808 1912 891 1947 quae
919 1914 943 1935 u
969 1906 1174 1936 exn-ennam
1201 1900 1342 1934 habent
1372 1900 1591 1942 radicalem,

211 1962 333 1996 ullum
364 1965 421 1995 est
450 1961 656 2007 vestigium
683 1962 902 1996 huiusmodi
932 1962 1078 2003 snturi3
1121 1962 1162 1995 in
1188 1962 1237 1995 iis
1266 1966 1414 2002 tamen,
1440 1975 1523 2009 qua:
1550 1968 1589 1997 ut

212 2025 339 2057 struxi
378 2023 520 2057 eadunt
558 2023 597 2056 iu
625 2025 845 2070 praeterito,
880 2029 1032 2071 poterat
1058 2023 1140 2057 sine
1166 2023 1285 2057 dubio
1316 2034 1409 2059 esse.
1462 2023 1591 2068 [Quod

211 2083 424 2119 Muellerus
464 2085 504 2118 iu
542 2085 726 2132 supplem.
755 2086 881 2120 adnot.
909 2086 955 2120 ad
980 2086 1082 2121 cht.
1109 2087 1156 2118 ad
1182 2097 1216 2130 p.
1246 2087 1312 2117 351
1345 2085 1457 2128 (benc
1484 2097 1575 2129 spon

212 2147 280 2189 sis)
305 2145 404 2179 hanc
434 2145 595 2180 formam
622 2146 662 2180 in
687 2147 732 2182 iis
763 2148 889 2182 verbis
917 2147 1078 2194 reperiri
1104 2149 1241 2192 negat,
1268 2157 1431 2192 quorum
1460 2145 1592 2179 ultima

213 2206 390 2242 radit-alis
425 2207 573 2254 liquida
611 2208 686 2250 sit,
724 2221 814 2244 casu
842 2209 986 2244 sactum
1011 2213 1130 2255 puto,
1173 2212 1216 2241 ut
1244 2207 1285 2240 in
1312 2221 1330 2239 ι·
1356 2211 1422 2240 aut
1448 2209 1462 2242 l
1489 2208 1594 2241 nulla

214 2269 292 2303 sint
326 2268 521 2315 exempla;
563 2269 662 2304 nihil
700 2272 800 2305 enim
840 2272 958 2318 magis
993 2271 1083 2304 huic
1122 2269 1254 2303 forma}
1281 2268 1459 2303 obstabat
1482 2281 1592 2316 quam

214 2330 287 2372 iis,
314 2343 397 2378 quae
423 2331 574 2365 usitatae
607 2337 716 2373 sunt,
743 2346 898 2373 cursus,
920 2335 1063 2379 pulsus.
1129 2331 1171 2365 M
1196 2334 1233 2365 ct
1261 2344 1285 2364 n
1311 2328 1413 2377 apud
1439 2329 1594 2363 Latinos

214 2397 403 2426 mutarum
429 2397 604 2427 naturam
629 2392 802 2438 habenh]

146 2455 177 2493 ²)
216 2452 272 2486 Ne
297 2452 359 2486 eui
386 2452 487 2486 sorte
514 2453 555 2487 in
581 2458 746 2487 mentem
775 2456 901 2489 veniat
933 2460 1079 2501 putare,
1103 2456 1198 2499 saxo
1225 2455 1296 2487 hac
1322 2462 1484 2497 personna
1513 2455 1591 2483 lan«

217 2518 295 2547 tum
322 2525 391 2560 pro
419 2513 549 2548 futuro
577 2512 745 2559 simplici
773 2515 947 2562 reperiri,
980 2528 1070 2556 non,
1108 2520 1149 2548 ut
1176 2520 1316 2554 cetera,
1352 2523 1422 2558 pro
1451 2515 1597 2550 exacto,

217 2575 382 2621 indeque
419 2580 631 2609 commenta
658 2581 889 2617 nascantur,
928 2577 1097 2623 exempla
1126 2576 1329 2611 indicabo:
1370 2572 1593 2608 Menaeclnn.

218 2635 246 2676 Ι,
272 2640 306 2676 2,
331 2639 375 2669 47
404 2640 441 2669 et
468 2636 604 2670 Bacch.
635 2637 750 2679 lv‚8‚
778 2643 795 2671 7
821 2640 890 2682 (Ni
911 2640 1013 2673 illum
1042 2640 1292 2673 e.x·(mimalem
1315 2636 1424 2680 favo,
1451 2635 1485 2669 si
1504 2646 1595 2667 con-

218 2710 364 2738 venere,
389 2699 474 2731 nive
499 2700 717 2733 exheredem
739 2700 866 2745 fecero
895 2702 984 2736 vt’toe
1009 2702 1118 2744 seue).
1188 2700 1264 2735 Setl
1290 2696 1442 2733 infinita
1468 2695 1507 2729 in
1536 2707 1592 2728 co-

218 2758 377 2793 moediis
415 2760 566 2796 occasio
594 2766 651 2796 cst
677 2762 937 2809 promittentis
967 2766 1003 2797 et
1032 2762 1216 2798 minantis
1244 2759 1418 2797 oratione
1442 2756 1595 2796 utentlii
