<?xml version="1.0" encoding="UTF-8"?>
<!DOCTYPE html PUBLIC "-//W3C//DTD XHTML 1.0 Transitional//EN"
    "http://www.w3.org/TR/xhtml1/DTD/xhtml1-transitional.dtd">
<html xmlns="http://www.w3.org/1999/xhtml" xml:lang="en" lang="en">
 <head>
  <title>
</title>
<meta http-equiv="Content-Type" content="text/html;charset=utf-8" />
  <meta name='ocr-system' content='tesseract 3.04.00' />
  <meta name='ocr-capabilities' content='ocr_page ocr_carea ocr_par ocr_line ocrx_word'/>
</head>
<body>
  <div class='ocr_page' id='page_1' title='image "./ionicolaimadvigi02madvuoft_0193.png"; bbox 0 0 1821 3309; ppageno 0'>
   <div class='ocr_carea' id='block_1_1' title="bbox 1508 158 1601 210">
    <p class='ocr_par' dir='ltr' id='par_1_1' title="bbox 1508 158 1601 210">
     <span class='ocr_line' id='line_1_1' title="bbox 1508 158 1601 210; baseline -0.011 0"><span class='ocrx_word' id='word_1_1' title='bbox 1508 158 1601 210; x_wconf 77' lang='lat'>131</span> 
     </span>
    </p>
   </div>
   <div class='ocr_carea' id='block_1_2' title="bbox 180 301 1670 2427">
    <p class='ocr_par' dir='ltr' id='par_1_2' title="bbox 180 301 1670 681">
     <span class='ocr_line' id='line_1_2' title="bbox 298 301 1670 364; baseline -0.007 -12"><span class='ocrx_word' id='word_1_2' title='bbox 298 307 350 352; x_wconf 86' lang='lat' dir='ltr'>In</span> <span class='ocrx_word' id='word_1_3' title='bbox 380 309 518 352; x_wconf 85' lang='lat' dir='ltr'>satira</span> <span class='ocrx_word' id='word_1_4' title='bbox 546 316 702 350; x_wconf 75' lang='lat' dir='ltr'>octava</span> <span class='ocrx_word' id='word_1_5' title='bbox 734 319 818 364; x_wconf 93' lang='lat' dir='ltr'>quo</span> <span class='ocrx_word' id='word_1_6' title='bbox 851 304 950 347; x_wconf 91' lang='lat' dir='ltr'>loco</span> <span class='ocrx_word' id='word_1_7' title='bbox 985 313 1113 361; x_wconf 86' lang='lat' dir='ltr'>poeta</span> <span class='ocrx_word' id='word_1_8' title='bbox 1150 301 1365 345; x_wconf 88' lang='lat' dir='ltr'>nobilium</span> <span class='ocrx_word' id='word_1_9' title='bbox 1396 301 1670 353; x_wconf 82' lang='lat' dir='ltr'>foeditatem,</span> 
     </span>
     <span class='ocr_line' id='line_1_3' title="bbox 183 383 1668 448; baseline -0.006 -16"><span class='ocrx_word' id='word_1_10' title='bbox 183 404 363 448; x_wconf 83' lang='lat' dir='ltr'>operam</span> <span class='ocrx_word' id='word_1_11' title='bbox 396 403 519 431; x_wconf 86' lang='lat' dir='ltr'>suam</span> <span class='ocrx_word' id='word_1_12' title='bbox 554 401 696 429; x_wconf 85' lang='lat' dir='ltr'>scenae</span> <span class='ocrx_word' id='word_1_13' title='bbox 730 395 773 428; x_wconf 85' lang='lat' dir='ltr'>et</span> <span class='ocrx_word' id='word_1_14' title='bbox 799 385 1123 441; x_wconf 83' lang='lat' dir='ltr'>amphitheatro</span> <span class='ocrx_word' id='word_1_15' title='bbox 1155 383 1413 435; x_wconf 80' lang='lat' dir='ltr'>locantium,</span> <span class='ocrx_word' id='word_1_16' title='bbox 1447 384 1668 438; x_wconf 82' lang='lat' dir='ltr'>exagitat,</span> 
     </span>
     <span class='ocr_line' id='line_1_4' title="bbox 186 463 1669 527; baseline -0.006 -15"><span class='ocrx_word' id='word_1_17' title='bbox 186 483 358 527; x_wconf 83' lang='lat' dir='ltr'>magnae</span> <span class='ocrx_word' id='word_1_18' title='bbox 405 476 506 509; x_wconf 88' lang='lat' dir='ltr'>sunt</span> <span class='ocrx_word' id='word_1_19' title='bbox 542 468 831 522; x_wconf 82' lang='lat' dir='ltr'>interpretum</span> <span class='ocrx_word' id='word_1_20' title='bbox 865 463 1028 514; x_wconf 84' lang='lat' dir='ltr'>turbae,</span> <span class='ocrx_word' id='word_1_21' title='bbox 1082 464 1215 504; x_wconf 84' lang='lat' dir='ltr'>etiam</span> <span class='ocrx_word' id='word_1_22' title='bbox 1250 465 1669 513; x_wconf 86' lang='lat' dir='ltr'>recentissimorum‚</span> 
     </span>
     <span class='ocr_line' id='line_1_5' title="bbox 181 543 1669 601; baseline -0.006 -10"><span class='ocrx_word' id='word_1_23' title='bbox 181 551 229 591; x_wconf 87' lang='lat' dir='ltr'>in</span> <span class='ocrx_word' id='word_1_24' title='bbox 261 548 332 590; x_wconf 89' lang='lat' dir='ltr'>his</span> <span class='ocrx_word' id='word_1_25' title='bbox 367 544 595 596; x_wconf 80' lang='lat' dir='ltr'>versibus,</span> <span class='ocrx_word' id='word_1_26' title='bbox 644 545 717 601; x_wconf 91' lang='lat' dir='ltr'>qui</span> <span class='ocrx_word' id='word_1_27' title='bbox 754 552 1003 600; x_wconf 86' lang='lat' dir='ltr'>ponuntur,</span> <span class='ocrx_word' id='word_1_28' title='bbox 1038 551 1271 598; x_wconf 86' lang='lat' dir='ltr'>postquam</span> <span class='ocrx_word' id='word_1_29' title='bbox 1306 556 1481 583; x_wconf 81' lang='lat' dir='ltr'>scenam</span> <span class='ocrx_word' id='word_1_30' title='bbox 1517 550 1558 582; x_wconf 85' lang='lat' dir='ltr'>et</span> <span class='ocrx_word' id='word_1_31' title='bbox 1590 543 1669 582; x_wconf 88' lang='lat' dir='ltr'>mi·</span> 
     </span>
     <span class='ocr_line' id='line_1_6' title="bbox 180 620 1670 681; baseline -0.007 -10"><span class='ocrx_word' id='word_1_32' title='bbox 180 642 277 671; x_wconf 88' lang='lat' dir='ltr'>mos</span> <span class='ocrx_word' id='word_1_33' title='bbox 309 642 334 669; x_wconf 85' lang='lat' dir='ltr'>a</span> <span class='ocrx_word' id='word_1_34' title='bbox 367 623 592 668; x_wconf 86' lang='lat' dir='ltr'>nobilibus</span> <span class='ocrx_word' id='word_1_35' title='bbox 613 632 655 666; x_wconf 88' lang='lat' dir='ltr'>et</span> <span class='ocrx_word' id='word_1_36' title='bbox 673 624 867 681; x_wconf 85' lang='lat' dir='ltr'>patriciis</span> <span class='ocrx_word' id='word_1_37' title='bbox 886 631 1006 664; x_wconf 81' lang='lat' dir='ltr'>actos</span> <span class='ocrx_word' id='word_1_38' title='bbox 1025 624 1386 663; x_wconf 79' lang='lat' dir='ltr'>counuemoravit</span> <span class='ocrx_word' id='word_1_39' title='bbox 1414 622 1516 673; x_wconf 79' lang='lat'><strong>(192</strong></span> <span class='ocrx_word' id='word_1_40' title='bbox 1535 620 1670 676; x_wconf 85' lang='lat' dir='ltr'>sqq.):</span> 
     </span>
    </p>

    <p class='ocr_par' dir='ltr' id='par_1_3' title="bbox 180 700 1668 2427">
     <span class='ocr_line' id='line_1_7' title="bbox 946 700 1661 752; baseline -0.004 -10"><span class='ocrx_word' id='word_1_41' title='bbox 946 702 1112 752; x_wconf 79' lang='lat' dir='ltr'>Quanti</span> <span class='ocrx_word' id='word_1_42' title='bbox 1145 717 1224 743; x_wconf 83' lang='lat' dir='ltr'>sua</span> <span class='ocrx_word' id='word_1_43' title='bbox 1257 702 1414 743; x_wconf 85' lang='lat' dir='ltr'>funera</span> <span class='ocrx_word' id='word_1_44' title='bbox 1450 700 1661 750; x_wconf 75' lang='lat' dir='ltr'>vendant,</span> 
     </span>
     <span class='ocr_line' id='line_1_8' title="bbox 455 778 1622 838; baseline -0.005 -12"><span class='ocrx_word' id='word_1_45' title='bbox 455 784 572 834; x_wconf 82' lang='lat' dir='ltr'>Quid</span> <span class='ocrx_word' id='word_1_46' title='bbox 609 782 776 826; x_wconf 67' lang='lat' dir='ltr'>refert?</span> <span class='ocrx_word' id='word_1_47' title='bbox 808 782 1021 824; x_wconf 83' lang='lat' dir='ltr'>Vendunt</span> <span class='ocrx_word' id='word_1_48' title='bbox 1055 781 1178 823; x_wconf 87' lang='lat' dir='ltr'>nullo</span> <span class='ocrx_word' id='word_1_49' title='bbox 1210 790 1396 838; x_wconf 80' lang='lat' dir='ltr'>cogente</span> <span class='ocrx_word' id='word_1_50' title='bbox 1429 778 1622 827; x_wconf 75' lang='lat' dir='ltr'>Nerone,</span> 
     </span>
     <span class='ocr_line' id='line_1_9' title="bbox 454 860 1547 916; baseline -0.005 -11"><span class='ocrx_word' id='word_1_51' title='bbox 454 862 549 905; x_wconf 72' lang='lat' dir='ltr'>Neo</span> <span class='ocrx_word' id='word_1_52' title='bbox 579 862 781 904; x_wconf 83' lang='lat' dir='ltr'>dubitant</span> <span class='ocrx_word' id='word_1_53' title='bbox 811 861 919 903; x_wconf 89' lang='lat' dir='ltr'>celsi</span> <span class='ocrx_word' id='word_1_54' title='bbox 954 863 1153 916; x_wconf 68' lang='lat' dir='ltr'>praetoris</span> <span class='ocrx_word' id='word_1_55' title='bbox 1190 862 1381 903; x_wconf 76' lang='lat' dir='ltr'>vendere</span> <span class='ocrx_word' id='word_1_56' title='bbox 1415 860 1547 901; x_wconf 81' lang='lat' dir='ltr'>ludis.</span> 
     </span>
     <span class='ocr_line' id='line_1_10' title="bbox 451 937 1667 999; baseline -0.004 -15"><span class='ocrx_word' id='word_1_57' title='bbox 451 943 592 999; x_wconf 87' lang='lat' dir='ltr'>Finge</span> <span class='ocrx_word' id='word_1_58' title='bbox 636 950 782 983; x_wconf 86' lang='lat' dir='ltr'>tamen</span> <span class='ocrx_word' id='word_1_59' title='bbox 828 941 1001 997; x_wconf 80' lang='lat' dir='ltr'>gladios</span> <span class='ocrx_word' id='word_1_60' title='bbox 1043 941 1144 982; x_wconf 86' lang='lat' dir='ltr'>iude</span> <span class='ocrx_word' id='word_1_61' title='bbox 1187 950 1318 997; x_wconf 86' lang='lat' dir='ltr'>atque</span> <span class='ocrx_word' id='word_1_62' title='bbox 1363 940 1463 981; x_wconf 86' lang='lat' dir='ltr'>hinc</span> <span class='ocrx_word' id='word_1_63' title='bbox 1497 937 1667 994; x_wconf 78' lang='lat' dir='ltr'>pulpita</span> 
     </span>
     <span class='ocr_line' id='line_1_11' title="bbox 1370 1019 1545 1075; baseline -0.006 -15"><span class='ocrx_word' id='word_1_64' title='bbox 1370 1020 1470 1075; x_wconf 89' lang='lat' dir='ltr'>poni</span> <span class='ocrx_word' id='word_1_65' title='bbox 1487 1034 1495 1066; x_wconf 89' lang='lat'>;</span> <span class='ocrx_word' id='word_1_66' title='bbox 1515 1019 1545 1071; x_wconf 84' lang='lat' dir='ltr'>l)</span> 
     </span>
     <span class='ocr_line' id='line_1_12' title="bbox 453 1097 1667 1155; baseline -0.004 -14"><span class='ocrx_word' id='word_1_67' title='bbox 453 1100 571 1151; x_wconf 78' lang='lat' dir='ltr'>Quid</span> <span class='ocrx_word' id='word_1_68' title='bbox 615 1098 783 1141; x_wconf 65' lang='lat' dir='ltr'>satius?</span> <span class='ocrx_word' id='word_1_69' title='bbox 823 1097 1014 1140; x_wconf 81' lang='lat' dir='ltr'>Mortem</span> <span class='ocrx_word' id='word_1_70' title='bbox 1071 1100 1133 1140; x_wconf 83' lang='lat' dir='ltr'>sic</span> <span class='ocrx_word' id='word_1_71' title='bbox 1186 1099 1385 1155; x_wconf 81' lang='lat' dir='ltr'>quisqam</span> <span class='ocrx_word' id='word_1_72' title='bbox 1422 1097 1667 1141; x_wconf 78' lang='lat' dir='ltr'>exhorruit,</span> 
     </span>
     <span class='ocr_line' id='line_1_13' title="bbox 1420 1179 1554 1218; baseline -0.007 0"><span class='ocrx_word' id='word_1_73' title='bbox 1420 1187 1464 1218; x_wconf 92' lang='lat' dir='ltr'>ut</span> <span class='ocrx_word' id='word_1_74' title='bbox 1498 1179 1554 1217; x_wconf 81' lang='lat' dir='ltr'>sit</span> 
     </span>
     <span class='ocr_line' id='line_1_14' title="bbox 453 1256 1667 1315; baseline -0.004 -15"><span class='ocrx_word' id='word_1_75' title='bbox 453 1258 694 1314; x_wconf 64' lang='lat' dir='ltr'>Zelotypus</span> <span class='ocrx_word' id='word_1_76' title='bbox 729 1257 988 1313; x_wconf 66' lang='lat' dir='ltr'>Thymeles,</span> <span class='ocrx_word' id='word_1_77' title='bbox 1031 1258 1192 1315; x_wconf 84' lang='lat' dir='ltr'>stupidi</span> <span class='ocrx_word' id='word_1_78' title='bbox 1226 1257 1400 1314; x_wconf 79' lang='lat' dir='ltr'>collega</span> <span class='ocrx_word' id='word_1_79' title='bbox 1435 1256 1667 1298; x_wconf 60' lang='lat' dir='ltr'>Corinthi?</span> 
     </span>
     <span class='ocr_line' id='line_1_15' title="bbox 453 1337 1666 1393; baseline -0.005 -13"><span class='ocrx_word' id='word_1_80' title='bbox 453 1338 542 1380; x_wconf 84' lang='lat' dir='ltr'>Res</span> <span class='ocrx_word' id='word_1_81' title='bbox 562 1338 675 1379; x_wconf 87' lang='lat' dir='ltr'>haud</span> <span class='ocrx_word' id='word_1_82' title='bbox 697 1340 807 1379; x_wconf 84' lang='lat' dir='ltr'>mira</span> <span class='ocrx_word' id='word_1_83' title='bbox 835 1347 980 1379; x_wconf 86' lang='lat' dir='ltr'>tamen</span> <span class='ocrx_word' id='word_1_84' title='bbox 1013 1338 1266 1379; x_wconf 86' lang='lat' dir='ltr'>citharoedo</span> <span class='ocrx_word' id='word_1_85' title='bbox 1295 1338 1489 1393; x_wconf 80' lang='lat' dir='ltr'>principe</span> <span class='ocrx_word' id='word_1_86' title='bbox 1509 1337 1666 1376; x_wconf 85' lang='lat' dir='ltr'>mimus</span> 
     </span>
     <span class='ocr_line' id='line_1_16' title="bbox 452 1413 1666 1473; baseline -0.003 -15"><span class='ocrx_word' id='word_1_87' title='bbox 452 1415 647 1459; x_wconf 75' lang='lat' dir='ltr'>Nobilis.</span> <span class='ocrx_word' id='word_1_88' title='bbox 711 1417 818 1458; x_wconf 79' lang='lat' dir='ltr'>llaec</span> <span class='ocrx_word' id='word_1_89' title='bbox 839 1415 956 1458; x_wconf 86' lang='lat' dir='ltr'>ultra</span> <span class='ocrx_word' id='word_1_90' title='bbox 977 1417 1079 1473; x_wconf 90' lang='lat' dir='ltr'>quid</span> <span class='ocrx_word' id='word_1_91' title='bbox 1103 1419 1184 1458; x_wconf 85' lang='lat' dir='ltr'>erit</span> <span class='ocrx_word' id='word_1_92' title='bbox 1206 1418 1290 1458; x_wconf 87' lang='lat' dir='ltr'>nisi</span> <span class='ocrx_word' id='word_1_93' title='bbox 1311 1415 1467 1457; x_wconf 62' lang='lat' dir='ltr'>ludus!</span> <span class='ocrx_word' id='word_1_94' title='bbox 1501 1415 1552 1456; x_wconf 81' lang='lat' dir='ltr'>Et</span> <span class='ocrx_word' id='word_1_95' title='bbox 1574 1413 1666 1455; x_wconf 89' lang='lat' dir='ltr'>illic</span> 
     </span>
     <span class='ocr_line' id='line_1_17' title="bbox 456 1495 1106 1539; baseline -0.002 -1"><span class='ocrx_word' id='word_1_96' title='bbox 456 1496 662 1539; x_wconf 81' lang='lat' dir='ltr'>Dedecus</span> <span class='ocrx_word' id='word_1_97' title='bbox 700 1495 819 1537; x_wconf 85' lang='lat' dir='ltr'>urbis</span> <span class='ocrx_word' id='word_1_98' title='bbox 852 1495 990 1537; x_wconf 85' lang='lat' dir='ltr'>habes</span> <span class='ocrx_word' id='word_1_99' title='bbox 1028 1496 1106 1538; x_wconf 51' lang='lat' dir='ltr'>(fle.</span> 
     </span>
     <span class='ocr_line' id='line_1_18' title="bbox 185 1573 1665 1631; baseline -0.007 -9"><span class='ocrx_word' id='word_1_100' title='bbox 185 1580 331 1622; x_wconf 86' lang='lat' dir='ltr'>Prima</span> <span class='ocrx_word' id='word_1_101' title='bbox 377 1576 514 1618; x_wconf 62' lang='lat' dir='ltr'>verba</span> <span class='ocrx_word' id='word_1_102' title='bbox 555 1577 775 1631; x_wconf 84' lang='lat' dir='ltr'>accipiunt</span> <span class='ocrx_word' id='word_1_103' title='bbox 818 1576 871 1616; x_wconf 90' lang='lat' dir='ltr'>de</span> <span class='ocrx_word' id='word_1_104' title='bbox 917 1575 1142 1617; x_wconf 86' lang='lat' dir='ltr'>nobilibus</span> <span class='ocrx_word' id='word_1_105' title='bbox 1178 1590 1224 1618; x_wconf 84' lang='lat' dir='ltr'>se</span> <span class='ocrx_word' id='word_1_106' title='bbox 1266 1575 1319 1616; x_wconf 86' lang='lat' dir='ltr'>ad</span> <span class='ocrx_word' id='word_1_107' title='bbox 1354 1573 1665 1630; x_wconf 81' lang='lat' dir='ltr'>gladiatoriam</span> 
     </span>
     <span class='ocr_line' id='line_1_19' title="bbox 183 1653 1666 1716; baseline -0.005 -16"><span class='ocrx_word' id='word_1_108' title='bbox 183 1672 375 1716; x_wconf 86' lang='lat' dir='ltr'>pugnam</span> <span class='ocrx_word' id='word_1_109' title='bbox 410 1654 756 1698; x_wconf 87' lang='lat' dir='ltr'>auctorantibus.</span> <span class='ocrx_word' id='word_1_110' title='bbox 836 1654 990 1711; x_wconf 89' lang='lat' dir='ltr'>Itaque</span> <span class='ocrx_word' id='word_1_111' title='bbox 1024 1657 1204 1706; x_wconf 86' lang='lat' dir='ltr'>merito,</span> <span class='ocrx_word' id='word_1_112' title='bbox 1236 1656 1309 1710; x_wconf 90' lang='lat' dir='ltr'>qui</span> <span class='ocrx_word' id='word_1_113' title='bbox 1344 1653 1493 1710; x_wconf 87' lang='lat' dir='ltr'>paullo</span> <span class='ocrx_word' id='word_1_114' title='bbox 1527 1662 1666 1694; x_wconf 83' lang='lat' dir='ltr'>atten-</span> 
     </span>
     <span class='ocr_line' id='line_1_20' title="bbox 181 1732 1666 1791; baseline -0.005 -11"><span class='ocrx_word' id='word_1_115' title='bbox 181 1740 294 1780; x_wconf 87' lang='lat' dir='ltr'>tiore</span> <span class='ocrx_word' id='word_1_116' title='bbox 326 1738 472 1778; x_wconf 84' lang='lat' dir='ltr'>auimo</span> <span class='ocrx_word' id='word_1_117' title='bbox 500 1735 590 1777; x_wconf 80' lang='lat' dir='ltr'>haec</span> <span class='ocrx_word' id='word_1_118' title='bbox 623 1734 791 1791; x_wconf 81' lang='lat' dir='ltr'>legunt,</span> <span class='ocrx_word' id='word_1_119' title='bbox 828 1735 1054 1784; x_wconf 86' lang='lat' dir='ltr'>mirantur,</span> <span class='ocrx_word' id='word_1_120' title='bbox 1083 1733 1197 1774; x_wconf 85' lang='lat' dir='ltr'>uude</span> <span class='ocrx_word' id='word_1_121' title='bbox 1231 1733 1321 1774; x_wconf 78' lang='lat' dir='ltr'>baec</span> <span class='ocrx_word' id='word_1_122' title='bbox 1355 1732 1500 1773; x_wconf 85' lang='lat' dir='ltr'>subito</span> <span class='ocrx_word' id='word_1_123' title='bbox 1535 1734 1666 1772; x_wconf 82' lang='lat' dir='ltr'>inter-</span> 
     </span>
     <span class='ocr_line' id='line_1_21' title="bbox 181 1810 1668 1871; baseline -0.005 -13"><span class='ocrx_word' id='word_1_124' title='bbox 181 1817 356 1858; x_wconf 86' lang='lat' dir='ltr'>iioiatur</span> <span class='ocrx_word' id='word_1_125' title='bbox 388 1815 695 1871; x_wconf 82' lang='lat' dir='ltr'>interrogatio,</span> <span class='ocrx_word' id='word_1_126' title='bbox 728 1828 859 1869; x_wconf 90' lang='lat' dir='ltr'>quum</span> <span class='ocrx_word' id='word_1_127' title='bbox 897 1814 948 1854; x_wconf 88' lang='lat' dir='ltr'>de</span> <span class='ocrx_word' id='word_1_128' title='bbox 983 1812 1308 1869; x_wconf 80' lang='lat' dir='ltr'>gladiatoribus</span> <span class='ocrx_word' id='word_1_129' title='bbox 1342 1817 1520 1854; x_wconf 88' lang='lat' dir='ltr'>omnino</span> <span class='ocrx_word' id='word_1_130' title='bbox 1556 1810 1668 1851; x_wconf 86' lang='lat' dir='ltr'>nihil</span> 
     </span>
     <span class='ocr_line' id='line_1_22' title="bbox 180 1892 1665 1952; baseline -0.005 -15"><span class='ocrx_word' id='word_1_131' title='bbox 180 1904 312 1952; x_wconf 86' lang='lat' dir='ltr'>poeta</span> <span class='ocrx_word' id='word_1_132' title='bbox 343 1895 525 1945; x_wconf 83' lang='lat' dir='ltr'>dixerit,</span> <span class='ocrx_word' id='word_1_133' title='bbox 552 1894 628 1934; x_wconf 87' lang='lat' dir='ltr'>sed</span> <span class='ocrx_word' id='word_1_134' title='bbox 665 1893 718 1934; x_wconf 86' lang='lat' dir='ltr'>de</span> <span class='ocrx_word' id='word_1_135' title='bbox 752 1908 884 1934; x_wconf 86' lang='lat' dir='ltr'>scena</span> <span class='ocrx_word' id='word_1_136' title='bbox 918 1901 1101 1934; x_wconf 86' lang='lat' dir='ltr'>tantum.</span> <span class='ocrx_word' id='word_1_137' title='bbox 1167 1892 1223 1933; x_wconf 87' lang='lat' dir='ltr'>Et</span> <span class='ocrx_word' id='word_1_138' title='bbox 1259 1892 1369 1933; x_wconf 89' lang='lat' dir='ltr'>redit</span> <span class='ocrx_word' id='word_1_139' title='bbox 1405 1893 1456 1933; x_wconf 87' lang='lat' dir='ltr'>ad</span> <span class='ocrx_word' id='word_1_140' title='bbox 1490 1905 1665 1932; x_wconf 81' lang='lat' dir='ltr'>scenam</span> 
     </span>
     <span class='ocr_line' id='line_1_23' title="bbox 182 1970 1665 2029; baseline -0.004 -13"><span class='ocrx_word' id='word_1_141' title='bbox 182 1989 315 2016; x_wconf 78' lang='lat' dir='ltr'>versu</span> <span class='ocrx_word' id='word_1_142' title='bbox 346 1975 430 2015; x_wconf 84' lang='grc'>196</span> <span class='ocrx_word' id='word_1_143' title='bbox 466 1975 582 2027; x_wconf 87' lang='lat' dir='ltr'>(nam</span> <span class='ocrx_word' id='word_1_144' title='bbox 619 1975 692 2029; x_wconf 91' lang='lat' dir='ltr'>qui</span> <span class='ocrx_word' id='word_1_145' title='bbox 727 1975 770 2013; x_wconf 86' lang='lat' dir='ltr'>in</span> <span class='ocrx_word' id='word_1_146' title='bbox 807 1971 886 2013; x_wconf 89' lang='lat' dir='ltr'>illo</span> <span class='ocrx_word' id='word_1_147' title='bbox 909 1986 1039 2013; x_wconf 81' lang='lat' dir='ltr'>versu</span> <span class='ocrx_word' id='word_1_148' title='bbox 1060 1972 1112 2012; x_wconf 91' lang='lat' dir='ltr'>de</span> <span class='ocrx_word' id='word_1_149' title='bbox 1133 1970 1457 2028; x_wconf 76' lang='lat' dir='ltr'>gladiatoribus</span> <span class='ocrx_word' id='word_1_150' title='bbox 1493 1984 1665 2026; x_wconf 83' lang='lat' dir='ltr'>quoque</span> 
     </span>
     <span class='ocr_line' id='line_1_24' title="bbox 183 2054 1666 2111; baseline -0.003 -17"><span class='ocrx_word' id='word_1_151' title='bbox 183 2054 506 2110; x_wconf 81' lang='lat' dir='ltr'>cogitaverunt,</span> <span class='ocrx_word' id='word_1_152' title='bbox 532 2061 803 2111; x_wconf 81' lang='lat' dir='ltr'>quantopere</span> <span class='ocrx_word' id='word_1_153' title='bbox 836 2061 999 2102; x_wconf 87' lang='lat' dir='ltr'>errent,</span> <span class='ocrx_word' id='word_1_154' title='bbox 1026 2060 1068 2092; x_wconf 90' lang='lat' dir='ltr'>et</span> <span class='ocrx_word' id='word_1_155' title='bbox 1105 2060 1223 2106; x_wconf 86' lang='lat' dir='ltr'>patet</span> <span class='ocrx_word' id='word_1_156' title='bbox 1257 2059 1300 2091; x_wconf 87' lang='lat' dir='ltr'>et</span> <span class='ocrx_word' id='word_1_157' title='bbox 1333 2064 1436 2091; x_wconf 88' lang='lat' dir='ltr'>mox</span> <span class='ocrx_word' id='word_1_158' title='bbox 1470 2063 1666 2102; x_wconf 78' lang='lat' dir='ltr'>expone-</span> 
     </span>
     <span class='ocr_line' id='line_1_25' title="bbox 183 2128 1664 2188; baseline -0.004 -14"><span class='ocrx_word' id='word_1_159' title='bbox 183 2137 297 2185; x_wconf 88' lang='lat' dir='ltr'>tur),</span> <span class='ocrx_word' id='word_1_160' title='bbox 343 2147 392 2174; x_wconf 83' lang='lat' dir='ltr'>ac</span> <span class='ocrx_word' id='word_1_161' title='bbox 436 2141 588 2188; x_wconf 83' lang='lat' dir='ltr'>postea</span> <span class='ocrx_word' id='word_1_162' title='bbox 631 2131 805 2173; x_wconf 91' lang='lat' dir='ltr'>demum</span> <span class='ocrx_word' id='word_1_163' title='bbox 839 2133 1020 2187; x_wconf 72' lang='lat' dir='ltr'>quaerit,</span> <span class='ocrx_word' id='word_1_164' title='bbox 1070 2131 1171 2187; x_wconf 87' lang='lat' dir='ltr'>quid</span> <span class='ocrx_word' id='word_1_165' title='bbox 1205 2139 1301 2186; x_wconf 81' lang='lat' dir='ltr'>post</span> <span class='ocrx_word' id='word_1_166' title='bbox 1334 2128 1426 2170; x_wconf 78' lang='lat' dir='ltr'>liaec</span> <span class='ocrx_word' id='word_1_167' title='bbox 1458 2136 1593 2170; x_wconf 80' lang='lat' dir='ltr'>restet</span> <span class='ocrx_word' id='word_1_168' title='bbox 1624 2137 1664 2168; x_wconf 86' lang='lat' dir='ltr'>et</span> 
     </span>
     <span class='ocr_line' id='line_1_26' title="bbox 182 2208 1665 2269; baseline -0.004 -15"><span class='ocrx_word' id='word_1_169' title='bbox 182 2213 374 2269; x_wconf 83' lang='lat' dir='ltr'>supersit</span> <span class='ocrx_word' id='word_1_170' title='bbox 405 2211 705 2268; x_wconf 83' lang='lat' dir='ltr'>turpitudinis,</span> <span class='ocrx_word' id='word_1_171' title='bbox 742 2213 825 2252; x_wconf 88' lang='lat' dir='ltr'>nisi</span> <span class='ocrx_word' id='word_1_172' title='bbox 857 2220 903 2252; x_wconf 87' lang='lat' dir='ltr'>ut</span> <span class='ocrx_word' id='word_1_173' title='bbox 933 2210 1205 2267; x_wconf 79' lang='lat' dir='ltr'>gladiatores</span> <span class='ocrx_word' id='word_1_174' title='bbox 1235 2211 1366 2251; x_wconf 86' lang='lat' dir='ltr'>etiam</span> <span class='ocrx_word' id='word_1_175' title='bbox 1401 2208 1533 2256; x_wconf 86' lang='lat' dir='ltr'>fiant;</span> <span class='ocrx_word' id='word_1_176' title='bbox 1564 2222 1665 2248; x_wconf 85' lang='lat' dir='ltr'>nam</span> 
     </span>
     <span class='ocr_line' id='line_1_27' title="bbox 184 2287 1666 2345; baseline -0.004 -12"><span class='ocrx_word' id='word_1_177' title='bbox 184 2292 296 2333; x_wconf 86' lang='lat' dir='ltr'>hanc</span> <span class='ocrx_word' id='word_1_178' title='bbox 328 2305 425 2332; x_wconf 90' lang='lat' dir='ltr'>esse</span> <span class='ocrx_word' id='word_1_179' title='bbox 458 2304 612 2332; x_wconf 82' lang='lat' dir='ltr'>versus</span> <span class='ocrx_word' id='word_1_180' title='bbox 643 2292 726 2332; x_wconf 88' lang='grc'>199</span> <span class='ocrx_word' id='word_1_181' title='bbox 757 2292 1050 2342; x_wconf 84' lang='lat' dir='ltr'>sententiam,</span> <span class='ocrx_word' id='word_1_182' title='bbox 1103 2288 1234 2345; x_wconf 89' lang='lat' dir='ltr'>paulo</span> <span class='ocrx_word' id='word_1_183' title='bbox 1277 2298 1374 2342; x_wconf 88' lang='lat' dir='ltr'>post</span> <span class='ocrx_word' id='word_1_184' title='bbox 1417 2287 1666 2335; x_wconf 83' lang='lat' dir='ltr'>(lesendam,</span> 
     </span>
     <span class='ocr_line' id='line_1_28' title="bbox 184 2365 1664 2427; baseline -0.004 -17"><span class='ocrx_word' id='word_1_185' title='bbox 184 2371 221 2410; x_wconf 85' lang='lat' dir='ltr'>si</span> <span class='ocrx_word' id='word_1_186' title='bbox 264 2369 520 2410; x_wconf 80' lang='lat' dir='ltr'>defensione</span> <span class='ocrx_word' id='word_1_187' title='bbox 565 2383 674 2426; x_wconf 84' lang='lat' dir='ltr'>opus</span> <span class='ocrx_word' id='word_1_188' title='bbox 718 2378 798 2410; x_wconf 86' lang='lat' dir='ltr'>est.</span> <span class='ocrx_word' id='word_1_189' title='bbox 818 2370 858 2417; x_wconf 73' lang='grc'>2)</span> <span class='ocrx_word' id='word_1_190' title='bbox 928 2369 1081 2427; x_wconf 84' lang='lat' dir='ltr'>Itaque</span> <span class='ocrx_word' id='word_1_191' title='bbox 1117 2376 1236 2410; x_wconf 87' lang='lat' dir='ltr'>tanta</span> <span class='ocrx_word' id='word_1_192' title='bbox 1270 2367 1361 2409; x_wconf 79' lang='lat' dir='ltr'>hoee</span> <span class='ocrx_word' id='word_1_193' title='bbox 1394 2365 1664 2423; x_wconf 85' lang='lat' dir='ltr'>perturbatio</span> 
     </span>
    </p>
   </div>
   <div class='ocr_carea' id='block_1_3' title="bbox 210 2605 1665 2904">
    <p class='ocr_par' dir='ltr' id='par_1_4' title="bbox 210 2605 1665 2904">
     <span class='ocr_line' id='line_1_29' title="bbox 215 2605 1665 2658; baseline -0.006 -13"><span class='ocrx_word' id='word_1_194' title='bbox 215 2613 244 2654; x_wconf 92' lang='lat'>¹)</span> <span class='ocrx_word' id='word_1_195' title='bbox 275 2611 392 2645; x_wconf 80' lang='lat' dir='ltr'>Recte</span> <span class='ocrx_word' id='word_1_196' title='bbox 419 2611 474 2645; x_wconf 77' lang='lat' dir='ltr'>sic</span> <span class='ocrx_word' id='word_1_197' title='bbox 505 2609 716 2656; x_wconf 70' lang='lat' dir='ltr'>nuper-tius</span> <span class='ocrx_word' id='word_1_198' title='bbox 746 2621 815 2656; x_wconf 85' lang='lat' dir='ltr'>pro</span> <span class='ocrx_word' id='word_1_199' title='bbox 840 2622 961 2655; x_wconf 80' lang='lat' dir='ltr'>ponc,</span> <span class='ocrx_word' id='word_1_200' title='bbox 1007 2609 1109 2658; x_wconf 83' lang='lat' dir='ltr'>quod</span> <span class='ocrx_word' id='word_1_201' title='bbox 1136 2610 1244 2645; x_wconf 83' lang='lat' dir='ltr'>nullo</span> <span class='ocrx_word' id='word_1_202' title='bbox 1272 2609 1385 2644; x_wconf 87' lang='lat' dir='ltr'>modo</span> <span class='ocrx_word' id='word_1_203' title='bbox 1417 2609 1514 2648; x_wconf 76' lang='lat' dir='ltr'>(rem</span> <span class='ocrx_word' id='word_1_204' title='bbox 1545 2605 1665 2652; x_wconf 77' lang='lat' dir='ltr'>ipsam</span> 
     </span>
     <span class='ocr_line' id='line_1_30' title="bbox 277 2666 1663 2718; baseline -0.006 -11"><span class='ocrx_word' id='word_1_205' title='bbox 277 2678 314 2708; x_wconf 84' lang='lat' dir='ltr'>et</span> <span class='ocrx_word' id='word_1_206' title='bbox 360 2683 488 2707; x_wconf 82' lang='lat' dir='ltr'>veram</span> <span class='ocrx_word' id='word_1_207' title='bbox 534 2671 777 2718; x_wconf 76' lang='lat' dir='ltr'>significans)</span> <span class='ocrx_word' id='word_1_208' title='bbox 828 2671 1039 2718; x_wconf 81' lang='lat' dir='ltr'>respondet</span> <span class='ocrx_word' id='word_1_209' title='bbox 1077 2671 1190 2705; x_wconf 78' lang='lat' dir='ltr'>alteri</span> <span class='ocrx_word' id='word_1_210' title='bbox 1226 2672 1340 2718; x_wconf 73' lang='lat' dir='ltr'>sinqe.</span> <span class='ocrx_word' id='word_1_211' title='bbox 1404 2669 1523 2704; x_wconf 75' lang='lat' dir='ltr'>hunno</span> <span class='ocrx_word' id='word_1_212' title='bbox 1558 2666 1663 2701; x_wconf 78' lang='lat' dir='ltr'>iubet</span> 
     </span>
     <span class='ocr_line' id='line_1_31' title="bbox 277 2729 1663 2781; baseline -0.006 -12"><span class='ocrx_word' id='word_1_213' title='bbox 277 2738 390 2781; x_wconf 83' lang='lat' dir='ltr'>poeta</span> <span class='ocrx_word' id='word_1_214' title='bbox 415 2733 524 2781; x_wconf 76' lang='lat' dir='ltr'>fingi,</span> <span class='ocrx_word' id='word_1_215' title='bbox 562 2733 607 2768; x_wconf 75' lang='lat' dir='ltr'>al»</span> <span class='ocrx_word' id='word_1_216' title='bbox 634 2733 754 2768; x_wconf 80' lang='lat' dir='ltr'>altera</span> <span class='ocrx_word' id='word_1_217' title='bbox 779 2737 888 2779; x_wconf 86' lang='lat' dir='ltr'>parte</span> <span class='ocrx_word' id='word_1_218' title='bbox 914 2732 1063 2778; x_wconf 71' lang='lat' dir='ltr'>gladios</span> <span class='ocrx_word' id='word_1_219' title='bbox 1094 2733 1259 2774; x_wconf 80' lang='lat' dir='ltr'>ostendi,</span> <span class='ocrx_word' id='word_1_220' title='bbox 1284 2732 1331 2767; x_wconf 82' lang='lat' dir='ltr'>ab</span> <span class='ocrx_word' id='word_1_221' title='bbox 1356 2731 1476 2766; x_wconf 83' lang='lat' dir='ltr'>altera</span> <span class='ocrx_word' id='word_1_222' title='bbox 1501 2729 1663 2777; x_wconf 79' lang='lat' dir='ltr'>pulpita,</span> 
     </span>
     <span class='ocr_line' id='line_1_32' title="bbox 210 2793 1665 2844; baseline -0.003 -15"><span class='ocrx_word' id='word_1_223' title='bbox 210 2797 244 2839; x_wconf 80' lang='lat'>²)</span> <span class='ocrx_word' id='word_1_224' title='bbox 275 2795 486 2842; x_wconf 76' lang='lat' dir='ltr'>Rupertius</span> <span class='ocrx_word' id='word_1_225' title='bbox 513 2797 554 2831; x_wconf 84' lang='lat' dir='ltr'>in</span> <span class='ocrx_word' id='word_1_226' title='bbox 580 2807 624 2832; x_wconf 87' lang='lat' dir='ltr'>eo</span> <span class='ocrx_word' id='word_1_227' title='bbox 652 2805 807 2844; x_wconf 85' lang='lat' dir='ltr'>quoque</span> <span class='ocrx_word' id='word_1_228' title='bbox 833 2794 1025 2836; x_wconf 82' lang='lat' dir='ltr'>haerebat,</span> <span class='ocrx_word' id='word_1_229' title='bbox 1052 2795 1155 2842; x_wconf 88' lang='lat' dir='ltr'>quod</span> <span class='ocrx_word' id='word_1_230' title='bbox 1181 2795 1222 2829; x_wconf 84' lang='lat' dir='ltr'>iu</span> <span class='ocrx_word' id='word_1_231' title='bbox 1248 2793 1479 2841; x_wconf 72' lang='lat' dir='ltr'>gladiatorio</span> <span class='ocrx_word' id='word_1_232' title='bbox 1506 2801 1665 2826; x_wconf 72' lang='lat' dir='ltr'>munere</span> 
     </span>
     <span class='ocr_line' id='line_1_33' title="bbox 282 2853 1663 2904; baseline -0.004 -13"><span class='ocrx_word' id='word_1_233' title='bbox 282 2863 647 2894; x_wconf 74' lang='lat' dir='ltr'>commemoraretur</span> <span class='ocrx_word' id='word_1_234' title='bbox 672 2861 828 2904; x_wconf 66' lang='lat' dir='ltr'>praetor.</span> <span class='ocrx_word' id='word_1_235' title='bbox 859 2869 976 2904; x_wconf 81' lang='lat' dir='ltr'>quum</span> <span class='ocrx_word' id='word_1_236' title='bbox 1004 2856 1192 2893; x_wconf 77' lang='lat' dir='ltr'>Claudius</span> <span class='ocrx_word' id='word_1_237' title='bbox 1219 2860 1403 2902; x_wconf 67' lang='lat' dir='ltr'>praetores</span> <span class='ocrx_word' id='word_1_238' title='bbox 1431 2853 1663 2900; x_wconf 71' lang='lat' dir='ltr'>gladiatores</span> 
     </span>
    </p>
   </div>
  </div>
 </body>
</html>
