1821 3309
1498 219 1591 268 139

187 363 378 412 invexit,
409 361 522 417 quod
557 374 687 417 quum
716 369 803 401 tres
837 359 1073 400 Goerenzii
1106 359 1277 401 codices
1309 360 1524 412 obsident,
1555 377 1663 416 quos

188 439 265 481 ille
301 439 508 482 meliores
540 439 766 495 ap-pellare
804 440 1050 490 consuevit,
1102 440 1188 479 iam
1222 453 1275 479 ex
1311 439 1393 480 hoc
1423 442 1662 493 specimine

187 520 241 561 de
272 519 351 560 illa
387 518 583 559 bonitate
614 520 865 559 coniectura
898 515 993 557 fieri
1024 525 1180 572 potest.

303 598 413 638 Puto
458 612 518 638 ex
560 597 627 637 his
660 595 882 652 exemplis
929 595 1229 651 praeiudicium
1277 595 1455 651 aliquod
1501 596 1663 640 factum

188 691 286 718 esse
329 675 443 727 tale,
496 675 626 732 quale
674 675 819 725 volui,
873 675 925 715 de
965 674 1118 716 horum
1153 675 1350 716 codicum
1389 680 1667 729 auctoritate,

189 754 349 812 quibus
376 770 461 796 non
492 764 659 797 tantuin
689 754 850 806 tribuo,
881 764 926 796 ut
951 764 1155 812 tanquam
1180 764 1322 797 certos
1343 756 1475 798 duces
1497 772 1668 814 sequar,

190 836 267 877 sed
316 844 360 876 ut
415 844 621 891 tanquam
680 835 811 890 paulo
859 834 1116 891 plerumque
1172 838 1330 878 ceteris
1384 839 1608 878 certiores.
1634 839 1666 891 ¹)

190 914 397 957 Ceterum
431 914 689 956 Victor-iano
725 915 1028 956 Ilauniensem
1069 923 1276 968 praestare
1318 917 1472 968 videri,
1512 931 1572 958 ex
1614 918 1668 957 iis

192 995 318 1049 ipsis,
364 1008 473 1049 quos
508 996 810 1040 tractavimus,
859 993 968 1034 locis
1004 1003 1138 1048 patet,
1179 996 1216 1034 si
1259 995 1386 1036 modo
1422 997 1668 1037 Victoriani

190 1074 417 1129 scripturae
460 1086 582 1128 aeque
623 1071 862 1128 diligenter
903 1080 1091 1112 enotatae
1137 1082 1179 1113 et
1211 1073 1338 1114 editae
1372 1082 1488 1116 sunt.
1555 1073 1668 1115 Illud

191 1151 323 1193 simul
359 1151 625 1207 patefactum
663 1159 745 1203 est,
791 1160 966 1192 veteres
997 1152 1208 1206 quosdam
1241 1153 1447 1203 editoreS,
1482 1153 1669 1203 Iuniam,

193 1230 440 1273 Victorium
478 1233 638 1286 ipsum,
670 1230 942 1286 Stephanum
980 1231 1152 1273 codices
1185 1232 1390 1274 habuisse
1425 1233 1577 1274 horum
1614 1235 1671 1274 si-

192 1310 334 1352 miles.
423 1310 492 1352 De
547 1310 726 1352 Gruteri
781 1309 1006 1351 codicibus
1059 1313 1100 1351 in
1147 1311 1214 1352 his
1264 1312 1417 1365 libris,
1469 1313 1542 1354 ubi
1586 1328 1670 1355 non

193 1405 355 1446 inagna
389 1390 538 1446 aliqua
571 1400 612 1431 ct
648 1399 860 1445 perpetua
891 1390 1103 1431 diiunctio
1138 1401 1219 1442 est,
1250 1390 1429 1433 diflicile
1462 1402 1528 1433 est
1561 1394 1672 1434 iudi-

193 1485 310 1512 care.
373 1470 444 1510 Ex
481 1469 656 1511 Davisii
693 1469 958 1510 parisiensis
995 1478 1037 1510 et
1069 1473 1218 1525 regius
1262 1472 1382 1527 digni
1420 1482 1543 1513 erant
1575 1472 1672 1514 dili·

193 1551 396 1607 gentiore
438 1563 534 1598 usu,
571 1563 833 1604 quamquain
867 1550 1046 1590 minime
1080 1548 1133 1590 ab
1169 1550 1586 1606 interpolationibus
1622 1551 1674 1592 li-

194 1629 289 1670 beri
311 1637 413 1670 sunt
438 1629 503 1683 (ut
535 1629 576 1668 in
611 1627 645 1679 l,
675 1629 717 1679 4,
748 1629 833 1683 14),
894 1628 1180 1670 Oxonienses
1214 1640 1302 1671 tres
1328 1634 1528 1686 pessimoe
1561 1641 1673 1673 notae

196 1718 312 1750 sunt.
378 1707 652 1749 Goerenzius
696 1722 800 1748 suos
844 1709 885 1748 in
921 1708 1031 1749 duas
1064 1709 1258 1750 familias
1289 1710 1537 1768 descripsit,
1570 1726 1675 1767 quo-

196 1803 291 1831 rum
329 1802 439 1844 quos
474 1786 681 1828 meliores
717 1787 917 1839 credidit,
952 1796 1161 1842 quantum
1196 1803 1254 1829 ex
1291 1791 1361 1842 iis,
1397 1807 1492 1848 quae
1523 1808 1673 1848 parum

194 1866 327 1924 plene
359 1868 599 1922 excerpsit,
641 1866 824 1907 iudicari
860 1875 1019 1923 potest,
1056 1882 1319 1924 quamquam
1353 1884 1437 1913 non
1472 1882 1558 1914 tam
1603 1889 1677 1915 ne-

197 1946 420 2004 gligenter
441 1954 483 1988 et
512 1946 720 1987 mendose
749 1961 876 2001 quam
907 1949 1040 1988 ceteri
1073 1948 1168 1989 eius
1185 1950 1337 2004 scripti
1358 1958 1498 1998 erant,
1531 1960 1674 1992 tamen
1714 1973 1719 1984 ι

197 2041 340 2083 neque
388 2034 600 2082 perpetuo
636 2026 889 2066 discrimine
931 2026 985 2067 ab
1023 2028 1078 2067 iis
1113 2026 1500 2083 distinguebantur
1542 2039 1600 2080 et,
1634 2040 1677 2070 ut

197 2121 258 2148 ex
299 2107 354 2147 iis
391 2104 517 2156 locis,
557 2105 611 2146 de
657 2103 817 2161 quibus
849 2105 962 2157 dixi,
998 2115 1195 2162 apparet,
1230 2107 1392 2149 multas
1423 2110 1509 2149 ium
1543 2111 1676 2151 inter-

196 2185 447 2242 polationes
477 2194 521 2226 et
552 2186 848 2248 correctiones
876 2196 1174 2242 susceperant.
1222 2187 1293 2229 Ex
1323 2186 1491 2229 Moser-i
1522 2191 1680 2232 codici-

196 2265 279 2307 bus
321 2263 631 2317 Monacensis,
671 2264 807 2320 longe
842 2266 1179 2308 mendosissime
1213 2270 1427 2324 scriptus,
1461 2271 1677 2312 interdum

198 2346 392 2401 vestigia
424 2346 518 2386 veri
550 2343 660 2385 alibi
692 2343 925 2386 obscurata
956 2349 1168 2388 servavit.

311 2423 418 2464 Haec
454 2424 660 2464 universe
707 2423 976 2478 explicanda
1016 2428 1195 2479 putnvi3
1237 2427 1451 2483 reliquam
1485 2428 1679 2484 disputa-

201 2502 364 2542 tionem
406 2515 483 2557 per
527 2503 687 2542 seriem
732 2501 955 2555 locorum,
1005 2505 1164 2561 quibus
1217 2506 1477 2548 medicinam
1520 2507 1679 2549 ail'erre

232 2723 260 2763 ¹)
298 2719 384 2754 Uno
413 2719 500 2754 loco
528 2719 581 2764 (1,
597 2721 738 2765 23‚61)
765 2719 1027 2757 additamento
1054 2722 1250 2770 depravati
1279 2730 1382 2766 sunt,
1410 2726 1474 2760 ubi
1502 2726 1567 2760 alii
1587 2740 1662 2761 non

295 2781 394 2816 nulli
441 2782 630 2829 integram
668 2783 900 2830 scripturam
939 2791 1105 2821 servant.
1180 2787 1257 2822 Sed
1298 2787 1338 2822 id
1375 2787 1678 2823 additamentum

295 2855 374 2879 non
399 2855 444 2879 cx
470 2844 771 2893 interpolatione
801 2851 927 2882 ortum
953 2853 1035 2890 est,
1071 2848 1138 2883 scd
1178 2860 1222 2883 cx
1264 2849 1514 2888 adnotatione
1544 2853 1679 2898 margi-

296 2904 373 2940 nali
402 2917 493 2943 casu
519 2907 560 2943 in
588 2908 802 2945 orationem
832 2914 1050 2948 contextam
1076 2916 1240 2957 recepta.
