1821 3309
310 179 409 228 366

359 320 456 364 Lib.
489 316 695 370 XXXII,
719 318 791 358 48.
860 316 1076 366 Quantum
1108 333 1178 362 res
1208 326 1251 362 et
1280 326 1445 376 tempus
1471 323 1709 378 patieban-

245 410 332 454 ἰιιν,
365 401 594 456 mlpamtoe
637 398 951 453 celebrataeque
986 403 1080 440 eius
1121 400 1216 442 diei
1254 402 1394 456 epuloe
1426 408 1541 444 sunt.
1601 402 1711 445 Cod.

241 481 476 537 Bamberg.
522 476 694 526 Quanto
738 491 808 519 res
861 484 907 519 et
946 483 1112 534 tempus
1156 480 1447 535 patiebantur
1489 482 1711 538 adparatu

244 561 569 615 celebrataeque.
637 557 797 599 Deleto
827 572 922 613 que,
955 573 1103 600 veram
1133 562 1388 614 scripturam
1425 561 1713 605 habebimus:

249 643 420 691 Quanto
463 653 531 680 res
575 644 620 679 et
661 644 826 693 tempus
859 637 1160 693 palc'ebanlnr‚
1204 647 1425 695 apparatu
1482 641 1709 683 celebratae

241 727 334 764 etus
369 721 409 762 d.
445 734 510 774 ep.
544 723 655 760 sunt.
683 718 716 771 ¹)

351 800 450 842 Lib.
475 797 708 849 XXXIII,
733 798 800 838 15.
820 797 856 851 2)
916 796 1190 839 Describitur
1216 797 1555 852 Androsthenis,
1582 799 1706 841 ducis

241 881 524 930 Macedonis,
582 879 654 934 qui
707 877 760 918 ad
805 875 1017 919 Nemeam
1065 892 1236 919 amnem
1287 879 1402 920 inter
1445 870 1706 921 corinthum

242 973 284 1004 et
316 963 546 1016 Sicyonem
579 969 721 999 castra
755 956 959 1009 habebat,
997 973 1286 1015 magnamque
1321 958 1508 1000 militum
1534 968 1705 1014 partem

239 1042 478 1100 praedatum
522 1039 762 1089 dimiserat,
804 1038 1052 1093 trepidatio,
1094 1052 1223 1094 quum
1269 1038 1424 1078 castris
1471 1039 1706 1095 appropin-

235 1130 390 1178 quaret
433 1117 736 1167 Nicostratus,
770 1116 1032 1159 Achaeorum
1077 1126 1263 1171 praetor:
1313 1116 1554 1172 Trepidare
1591 1118 1700 1169 dux,

237 1208 288 1242 nt
315 1204 393 1257 qni
431 1199 573 1240 hostes
614 1211 822 1252 nusquam
871 1199 962 1236 nisi
991 1209 1093 1236 raro
1123 1199 1170 1236 iu
1201 1195 1384 1236 collibus
1413 1203 1517 1238 ante
1549 1195 1704 1252 Sicyo-

237 1295 346 1330 nem,
383 1293 468 1320 uon
499 1277 710 1318 audentes
744 1289 898 1328 agmen
934 1275 1160 1315 demittere
1203 1278 1250 1315 z'u
1283 1289 1470 1330 campos,
1503 1276 1701 1330 vidisset,

236 1360 295 1400 ad
330 1359 514 1400 Cleonas
542 1356 713 1412 quidem
745 1368 994 1395 accessuros
1026 1367 1252 1408 numquam
1286 1354 1566 1396 crede'dt'sset.—
1618 1355 1700 1397 At-

234 1441 307 1496 qui
350 1453 404 1479 ne
450 1451 564 1478 nunc
606 1435 778 1491 quidem
837 1434 891 1475 ad
934 1432 1124 1474 Cleonas
1169 1432 1457 1485 accedebant,
1510 1434 1586 1476 sed
1644 1436 1700 1477 ad

232 1518 462 1569 Nemeam,
492 1515 566 1557 ubi
591 1513 927 1556 Androsthenes
958 1512 1152 1556 sedebat.
1212 1511 1393 1554 Cleonis
1421 1511 1699 1557 Nicostratus

231 1599 376 1640 fuerat
419 1610 637 1653 quumque
688 1609 741 1635 eo
787 1594 964 1634 nuntius
1019 1591 1340 1634 demilitibus
1374 1592 1699 1637 Androsthenis

229 1677 389 1734 palatis
418 1692 494 1733 per
526 1689 656 1730 agros
687 1673 848 1714 allatus
880 1682 1010 1724 esset,
1042 1672 1142 1713 inde
1173 1671 1384 1713 Nemeam
1419 1688 1572 1715 versus
1597 1690 1698 1731 pro-

229 1758 370 1800 fectus
429 1765 508 1797 est,
589 1754 639 1795 In
696 1754 844 1795 codice
890 1751 1207 1807 Bambergensi
1261 1753 1471 1808 scriptum
1501 1762 1590 1796 est:
1637 1755 1698 1796 ad

236 1836 423 1877 Cleonis,
483 1834 595 1884 Quis
628 1848 713 1875 non
747 1833 886 1882 videt,
919 1831 1196 1874 scribendum
1228 1831 1392 1874 fuisse:
1423 1846 1451 1873 ιι
1487 1832 1694 1875 Cleonis?

230 1915 435 1957 Ceterum
479 1923 525 1954 ut
571 1914 653 1955 hoc
702 1914 991 1954 certissimum
1044 1921 1128 1962 est,
1169 1913 1232 1953 ita
1265 1927 1352 1953 non
1383 1911 1522 1953 multo
1550 1915 1696 1955 minus

232 2004 395 2036 certum
439 2003 520 2045 est,
564 2009 657 2035 cum
692 1992 875 2034 Dukero
907 1991 1182 2033 scribendum
1216 2006 1312 2033 esse
1342 2006 1481 2033 raros.
1549 1992 1694 2044 Quam

228 2090 342 2130 saepe
375 2072 706 2114 Androsthenes
738 2072 886 2113 hostes
920 2072 1119 2124 vidisset,
1151 2070 1263 2112 nihil
1294 2071 1347 2112 ad
1377 2086 1469 2114 rem
1501 2081 1608 2115 erat.

251 2258 282 2300 ³)
318 2255 390 2300 [Ita
415 2254 662 2302 Kreyssigius
690 2252 837 2296 edidit]

253 2320 288 2363 ²)
331 2318 439 2363 [Haec
464 2323 503 2352 et
528 2317 699 2364 proxima
724 2327 827 2350 nunc
854 2314 1005 2348 demum
1027 2312 1172 2356 addidi,
1195 2326 1244 2349 ne
1269 2315 1424 2362 exiguas
1449 2314 1517 2349 has
1541 2314 1689 2363 symbo-

317 2380 374 2414 las
404 2385 491 2414 ante
516 2379 658 2413 multos
685 2390 804 2412 annos
833 2376 1067 2424 propositaS‚
1095 2376 1163 2411 sed
1185 2378 1239 2411 ita
1263 2377 1496 2425 propositas,
1529 2382 1573 2411 ut
1594 2390 1688 2424 pau-

319 2442 374 2476 cis
397 2441 614 2476 innotuisse
636 2441 852 2482 videantur,
874 2452 977 2474 nune
1001 2439 1084 2472 sine
1106 2438 1322 2474 adiectione
1341 2444 1561 2486 repeterem.
1613 2439 1691 2475 Sed

318 2516 367 2538 ne
405 2504 558 2539 infinita
593 2503 752 2538 materia
791 2507 893 2537 esset
928 2505 993 2546 (cx
1020 2513 1093 2549 qua
1120 2505 1247 2535 tamen
1271 2514 1349 2536 non
1373 2514 1495 2549 pauca
1521 2501 1688 2536 delibavi

317 2579 435 2612 quum
469 2567 511 2600 in
538 2565 735 2613 prioribus
773 2564 971 2612 opusculis
1007 2568 1044 2598 et
1069 2562 1110 2597 in
1134 2562 1195 2597 his
1222 2563 1314 2598 alibi
1341 2568 1422 2598 tum
1448 2563 1491 2598 in
1518 2563 1688 2599 editione

319 2628 520 2663 Ciceronis
546 2629 734 2663 librorum
759 2629 807 2663 de
830 2627 1005 2671 finibus),
1030 2637 1076 2660 ex
1096 2624 1227 2659 eodem
1250 2625 1366 2667 libro,
1392 2626 1501 2661 cuius
1522 2625 1685 2660 duorum

315 2689 489 2724 locorum
502 2691 785 2726 emendationes
807 2689 980 2738 proxime
1001 2687 1279 2736 praecedebant,
1302 2692 1380 2722 tres
1399 2687 1495 2722 alios
1515 2686 1687 2728 adiunxi,

317 2764 435 2799 quum
468 2753 679 2800 praesertim
705 2753 739 2789 is
762 2765 886 2801 nuper
915 2764 936 2788 a
961 2750 1185 2799 lireyssigio
1218 2749 1514 2796 diligentissime
1538 2753 1685 2797 pertra-

314 2819 440 2849 ctatus
469 2820 578 2851 esset.
