1821 3309
242 174 336 225 152

169 327 292 364 sent,
329 328 457 356 nemo
491 314 662 355 videtur
696 311 1088 365 animadvertisse,
1133 314 1217 354 nisi
1253 313 1367 370 quod
1392 313 1647 371 WVagnerus

171 396 296 437 haesit
341 395 384 435 in
419 392 636 449 particula
672 398 775 435 tecm.
837 391 901 434 Ea
949 393 1064 433 enim
1100 394 1163 435 sic
1195 395 1396 449 ponitur,
1442 401 1648 448 tanquam

170 474 326 515 Cicero
357 481 521 516 certum
560 481 732 528 tempus
760 472 846 512 iam
870 469 1205 525 significaverit.
1268 472 1404 529 Atqui
1430 484 1648 527 praepara-

171 555 290 596 tione
312 566 416 594 usus
449 561 530 604 est,
561 553 755 594 dicturus
791 551 843 592 de
878 564 925 591 se
958 551 1051 606 ipse
1079 550 1343 606 gloriosius3
1377 550 1650 592 nullamdum

170 646 261 674 rem
295 639 466 687 gestam
498 645 704 673 casumve
736 631 1111 672 commemoravit.
1170 628 1323 686 Itaque
1347 630 1576 672 Victorius
1607 636 1651 670 et

174 710 250 753 alii
286 711 497 765 temporis
536 709 675 761 illius,
719 724 803 765 quo
848 708 1064 764 expulsus
1106 717 1237 759 esset,
1279 706 1650 763 significationem

175 789 365 846 aliquam
397 790 675 845 praecessisse
707 787 940 844 putabant3
973 801 1052 828 nec
1094 795 1239 842 potest
1270 786 1398 828 aliter
1429 788 1588 838 statui,
1614 787 1653 827 si

176 875 263 910 lum
308 876 475 910 rectum
517 877 597 910 est.
616 868 649 922 ¹)
713 867 769 908 Et
810 876 957 908 tamen
1004 867 1040 906 si
1084 867 1147 907 sic
1177 867 1409 916 statuitur,
1460 865 1655 906 abundat

178 948 371 989 discessu
414 960 517 988 meo.
596 947 682 989 Sed
728 948 803 1003 qui
846 945 1081 988 attenderit
1119 945 1172 986 ad
1205 946 1418 986 orationis
1451 944 1655 995 formam,

177 1034 404 1081 praeterea,
448 1033 496 1066 ut
527 1039 641 1066 nuno
675 1033 758 1072 est,
798 1033 899 1079 post
933 1024 1267 1080 Ce'rczcmspz‘ce'le
1293 1026 1338 1065 in
1370 1025 1498 1065 initio
1529 1037 1655 1065 novae

179 1106 434 1155 sententioe,
475 1102 550 1144 ubi
583 1112 681 1158 post
714 1104 900 1158 primam
931 1105 1196 1144 narrationis
1228 1111 1396 1158 partem
1428 1102 1652 1151 iubentur,

181 1185 255 1241 qui
286 1184 483 1234 audiunt,
516 1184 687 1224 animos
717 1182 956 1224 transferre
989 1183 1041 1223 ad
1072 1182 1132 1234 id,
1167 1181 1280 1238 quod
1312 1181 1470 1223 deinde
1502 1195 1656 1223 conse·

181 1271 329 1306 cutum
367 1263 447 1312 sit,
493 1259 761 1302 desiderabit
804 1270 879 1302 aut
920 1265 1007 1302 iam
1043 1270 1116 1302 aut
1148 1275 1278 1303 mmo.
1352 1260 1532 1303 Scilicet
1565 1260 1659 1302 haee

182 1340 337 1383 Cicero
369 1340 663 1381 coniunxerat
693 1338 775 1380 hoo
805 1339 961 1380 modo:
1018 1338 1157 1387 Quum
1194 1341 1466 1394 perditorum
1499 1344 1658 1382 civium

182 1420 373 1470 redere,
419 1418 612 1459 discessu
656 1431 746 1458 meo
788 1418 1051 1472 religionum
1097 1421 1199 1459 iura
1234 1418 1411 1474 polluta
1444 1425 1570 1470 snut,
1602 1442 1658 1450 —

178 1499 333 1555 pulsus
368 1511 395 1538 a
433 1495 627 1538 delubris
657 1500 709 1547 τέ,
751 1500 829 1552 quc·
858 1497 940 1538 illa
971 1502 1189 1549 servarat,
1221 1501 1547 1554 circumspicite
1579 1497 1660 1539 ὅσα.

181 1577 288 1619 Haeo
321 1578 359 1618 si
390 1578 451 1617 ita
482 1584 599 1627 sunt,
636 1579 782 1617 omnia
813 1575 920 1617 ferri
954 1589 1040 1616 non
1071 1585 1229 1632 potest.
1243 1577 1279 1631 2)
1355 1576 1442 1617 Sed
1474 1583 1551 1619 aut
1577 1574 1658 1616 fal-

183 1657 253 1699 lor
286 1664 361 1698 aut
393 1656 438 1696 in
475 1670 527 1696 eo
560 1656 676 1696 inest
708 1654 818 1696 illud
851 1655 1011 1709 ipsum,
1044 1656 1159 1711 quod
1193 1654 1566 1710 WVyttenbachius
1586 1655 1660 1696 de-

184 1734 428 1786 siderabat,
457 1733 729 1784 hominibus,
772 1734 887 1789 quod
923 1733 1038 1775 male
1082 1735 1324 1776 diiunctum
1365 1749 1390 1776 a
1421 1735 1660 1790 superiori-

182 1815 265 1857 bus
299 1823 342 1856 et
376 1812 633 1867 compendio
663 1813 874 1867 scriptum
904 1814 950 1853 in
985 1812 1097 1854 hanc
1131 1814 1316 1854 formam
1352 1814 1541 1853 transiit.
1573 1812 1659 1853 Pro

184 1897 328 1936 animo
350 1891 562 1934 Davisius
592 1898 711 1931 recte
737 1904 760 1930 e
789 1890 987 1931 codicum
1022 1893 1228 1948 vestigiis
1253 1892 1469 1946 (animus)
1504 1894 1664 1932 animis·

185 1971 462 2015 scribendum
494 1970 696 2010 coniecit.

297 2050 465 2095 Eodem
496 2049 638 2104 capite
679 2051 702 2100 ξ
731 2047 790 2089 44
834 2047 940 2089 olim
977 2046 1188 2089 edebatur
1220 2062 1243 2089 e
1277 2046 1526 2090 codicibus:
1575 2046 1663 2088 Re-

182 2133 369 2186 primam
400 2132 515 2178 iam,
545 2132 591 2166 et
621 2138 707 2166 nou
740 2129 951 2182 insequar
982 2128 1182 2181 longz‘us;
1229 2141 1343 2168 nunc
1375 2126 1544 2177 editur,
1575 2129 1663 2167 iam

189 2221 277 2259 me,
317 2206 432 2262 quod
465 2203 581 2258 apud
611 2205 799 2259 primuni
831 2213 898 2245 est
928 2204 1230 2260 Stephanum,
1273 2204 1523 2246 necessaria
1555 2217 1661 2245 sane

190 2285 458 2332 adiectione3
488 2282 566 2323 sed
597 2288 640 2323 et
665 2295 750 2324 non
781 2281 981 2324 hocloco
1002 2282 1230 2326 ferendum
1264 2298 1348 2325 non
1382 2291 1463 2326 est.
1520 2281 1664 2325 Unam

217 2486 249 2530 ¹)
284 2483 427 2530 Lepide
451 2483 650 2524 Mesenis,
684 2483 822 2524 ’'Tum,
845 2482 996 2530 inquit,
1034 2483 1214 2519 universe
1241 2481 1510 2519 continuandae
1535 2493 1663 2517 narra-

286 2546 385 2579 tioni
414 2545 615 2580 inse1·vit.'’
665 2544 786 2592 Atqui
812 2557 969 2580 narrare
992 2546 1166 2581 nondum
1190 2550 1379 2594 coeperat.

219 2608 251 2650 2)
283 2606 446 2652 Ferent‚
491 2608 558 2655 qui
594 2606 818 2643 huiusmodi
857 2608 1063 2643 verborum
1102 2608 1352 2643 traiectiones
1377 2606 1418 2640 in
1443 2616 1556 2652 prosa
1582 2617 1664 2639 ora-

287 2667 392 2702 tione
420 2668 570 2703 admitti
596 2673 756 2715 putant,
791 2668 915 2716 qualis
949 2674 1023 2704 est:
1064 2670 1217 2704 Falsum
1247 2681 1356 2716 quum
1382 2669 1423 2700 ἰη
1457 2669 1523 2700 hoc
1549 2666 1665 2714 &Jmpa-

289 2741 345 2763 σιν
371 2729 493 2764 inesse
518 2732 665 2765 videret
690 2732 930 2766 acutissimus
951 2728 1122 2778 Wolfius
1141 2730 1210 2766 ὥς.
1261 2729 1404 2763 Verum
1428 2727 1519 2764 talia
1545 2728 1663 2762 scribi

291 2801 311 2823 a
337 2788 537 2825 Ciceronis
566 2791 740 2832 editore,
767 2804 885 2838 quum
909 2793 1123 2841 praesertim
1150 2791 1196 2827 de
1221 2790 1355 2826 ordjne
1386 2788 1665 2827 vocabulorum

291 2857 493 2896 quaereret,
518 2863 596 2887 non
624 2851 826 2888 dehebant,
