1821 3309
206 360 300 394 salsa
327 361 366 394 in
397 360 468 394 boe
495 361 609 395 verbo
651 360 851 394 distinctio

204 426 285 458 3:2¹.

156 485 329 519 l'raesens
353 485 550 519 indicativi
577 484 618 518 in
641 484 850 528 interroga-

205 549 377 582 tionibus
403 548 497 582 certi
524 546 675 593 generis
700 549 746 580 40
770 558 851 593 sqq.

206 611 378 645 Praesens
395 624 464 657 pro
480 610 550 643 sut.
567 613 699 643 exacto
714 613 760 642 80
773 613 850 642 not.

205 673 376 707 Praesens
418 672 647 706 historicum
690 671 851 705 liberius

206 735 306 782 apud
335 737 466 782 poetas
492 735 532 770 in
557 734 763 768 sententiis
790 745 852 768 re-

203 798 332 833 lativis
359 802 430 834 etc.
455 801 535 834 225.

159 862 422 908 Praeterquam
443 872 534 893 nunu
560 859 725 894 divisum
751 860 853 907 apud

207 924 434 957 Ciceronem
462 925 538 956 166.

159 987 325 1031 Propter
351 986 404 1026 id,
431 998 478 1019 ne
498 983 704 1018 barbarum
731 987 813 1020 305.

157 1049 287 1083 Paulet
305 1048 444 1093 fecisse
467 1059 546 1081 non
568 1058 691 1094 prosae
713 1047 855 1082 oratio-

205 1110 267 1145 nis
294 1113 372 1145 119.

157 1234 378 1278 Quaestores
414 1233 455 1267 in
490 1232 660 1267 iudicum
686 1233 854 1268 lectione

203 1307 295 1329 num
323 1295 417 1342 quid
443 1296 605 1341 egerint,
633 1298 703 1329 245
728 1300 807 1330 not.

161 1359 399 1405 Quamquam
445 1357 486 1392 in
521 1357 748 1402 corrigendo
786 1368 856 1404 per

205 1420 547 1465 interrogationem
571 1424 640 1453 :303

162 1484 242 1530 Qui
261 1485 357 1518 enim
379 1483 418 1517 in
441 1482 746 1528 interrogatione
771 1494 857 1516 cum

206 1545 464 1592 comparativo
489 1549 570 1583 265.

163 1609 281 1656 Quid,
312 1610 348 1642 si
371 1609 570 1643 iusserim?
603 1612 659 1643 et:
693 1607 799 1655 quaid,
824 1608 859 1641 si

209 1673 380 1706 iussero?
412 1675 468 1705 99.

162 1735 320 1780 Quidem
346 1732 421 1767 vid.
448 1734 523 1768 ille.

161 1798 257 1840 Quis
286 1808 355 1842 pro
383 1807 426 1829 co
455 1808 489 1842 q.
518 1806 548 1829 e.
575 1800 659 1829 nter
686 1797 762 1828 183.

165 1860 363 1905 quispiam
380 1857 476 1891 salso
494 1870 563 1904 pro
582 1869 625 1891 co
643 1869 679 1905 q.
697 1869 726 1892 e.
757 1859 854 1905 quis-

209 1934 321 1968 quam
349 1922 423 1953 140.

165 1985 268 2030 Quia
303 1995 389 2017 euin
428 1982 636 2017 indicativo
675 1995 746 2029 pro
773 1994 856 2017 sen-

211 2046 328 2080 lentia
347 2045 500 2080 infinita
527 2044 628 2091 apud
649 2046 856 2093 scriptores

209 2108 493 2143 ecclesiasticos
520 2112 598 2143 239.

166 2172 279 2218 Quod
301 2183 369 2216 pro
389 2170 608 2204 accusativo
628 2182 714 2204 cuin
731 2170 857 2204 infini-

212 2233 289 2267 tivo
326 2233 428 2280 apud
462 2233 586 2267 bonos
613 2246 690 2267 non
716 2233 858 2280 reperi-

210 2301 275 2329 tur
290 2300 359 2329 232
375 2308 456 2342 sqq.
483 2295 690 2330 Inclinatio
707 2296 753 2330 ad
774 2308 860 2330 cuin

209 2370 322 2391 usum
366 2361 469 2401 (eum
503 2358 730 2401 indicativo)
766 2361 859 2398 2:38;

211 2431 303 2454 usus
338 2419 422 2466 ipsc
458 2422 562 2462 (cuin
598 2420 860 2461 comune-tivo,

210 2482 257 2516 ab
295 2481 479 2515 Hadriani
515 2487 708 2530 tempore,
744 2482 858 2517 initio

209 2546 336 2587 rarus)
364 2544 440 2578 ibd.
497 2545 609 2591 Quod
630 2545 858 2593 propinqui-

211 2612 290 2642 tate
316 2606 477 2655 quadam
507 2607 691 2642 accedens
728 2608 774 2643 ad
799 2620 859 2642 ae-

212 2674 332 2706 cusat.
368 2681 400 2706 c.
426 2669 494 2703 inf.
524 2671 602 2704 234.
658 2671 771 2717 Quod
797 2669 859 2706 ad-

211 2734 387 2767 iunctum
402 2731 444 2766 in
458 2731 619 2768 notione
633 2732 859 2769 distinctius

211 2793 433 2841 explicanda
457 2798 540 2833 236.

171 2857 295 2903 Qucum
317 2856 358 2891 in
381 2858 495 2895 modo
520 2859 684 2896 actionis
711 2858 857 2907 signifi-

213 2917 333 2953 cando
360 2923 390 2953 8.

1449 218 1549 268 379

934 361 1056 406 (Iuram
1090 367 1230 403 tumen,
1265 360 1305 396 id
1341 366 1399 396 est
1433 373 1552 408 paene,
1587 367 1621 396 et

976 430 1101 458 tamen
1125 428 1208 461 329.

929 549 1071 583 Rectus
1113 548 1211 582 male
1252 548 1507 582 substitutum
1553 561 1622 594 pro

977 623 1020 644 eo
1047 623 1080 658 q.
1107 622 1137 645 c.
1163 617 1284 646 tectus
1307 614 1390 652 317,
1413 614 1483 644 318
1507 616 1588 647 not.

930 672 1148 707 Relativuin
1185 684 1396 720 pronomen
1431 673 1507 707 alio
1533 686 1624 708 casu

977 747 1021 769 ex
1062 735 1292 782 przeecdenti
1329 735 1623 781 intelligendum

978 802 1043 832 177
1088 797 1445 841 (demonstrativum
1483 798 1623 832 substi-

978 865 1103 895 tutum
1130 864 1236 905 1:⁸);
1276 861 1410 895 durius
1438 860 1625 895 adnexum

976 926 1054 957 328.

932 986 1125 1020 Romanus
1147 991 1275 1019 utrum
1293 986 1500 1032 imperator
1518 985 1624 1021 Rom.

978 1061 1025 1081 an
1053 1060 1123 1095 pro
1149 1048 1331 1083 Romanis
1356 1052 1436 1084 296.

932 1170 1108 1205 Sallustii
1128 1171 1210 1205 laus
1227 1172 1470 1218 temperanda
1486 1178 1523 1207 et
1540 1185 1626 1207 cau-

978 1234 1032 1267 tio
1070 1234 1284 1269 adhibenda
1321 1238 1402 1270 348.
1462 1236 1557 1270 Eius
1589 1241 1627 1270 et

978 1296 1179 1330 Ciceronis
1202 1298 1241 1331 in
1256 1298 1367 1332 Catil.
1393 1302 1409 1332 1
1436 1298 1627 1333 dissensio

977 1359 1018 1392 in
1041 1360 1222 1406 temporis
1248 1361 1448 1394 notatione
1473 1364 1553 1395 349.

934 1422 1051 1461 Seme,
1080 1424 1287 1457 mehercule
1315 1436 1410 1458 sune
1437 1426 1516 1458 163.

932 1484 1154 1518 Scribarum
1181 1497 1264 1518 sors
1290 1487 1369 1519 346.

931 1547 1086 1581 senecae
1124 1548 1233 1594 epist.
1276 1548 1395 1583 editio
1433 1547 1626 1594 Schweig-

978 1609 1205 1644 hauseriana
1231 1615 1302 1645 205
1325 1616 1404 1646 not.

935 1673 1001 1712 Si,·
1025 1679 1160 1713 vinetum,
1185 1675 1221 1707 si
1246 1677 1321 1708 100.

934 1736 1024 1770 Sine
1043 1738 1221 1770 restituta
1234 1741 1423 1781 potestate
1444 1748 1534 1782 pro:
1555 1737 1633 1770 uisi

980 1804 1068 1833 rest.
1094 1804 1172 1843 pot.
1199 1798 1402 1832 barbarum
1426 1802 1507 1835 235.

937 1861 1084 1895 Sonare
1115 1874 1252 1906 itta-qna
1281 1865 1356 1896 179.

934 1922 1095 1970 Spuere,
1113 1928 1266 1969 sputum
1293 1929 1424 1958 contra
1441 1923 1630 1958 fascinum

981 1990 1018 2019 et
1045 1985 1228 2019 invidiam
1256 1989 1323 2020 180
1349 1992 1428 2021 not.

936 2049 981 2082 Se
1005 2049 1078 2085 vid.
1105 2050 1186 2084 Est.

934 2110 1126 2157 stipendii
1151 2111 1341 2145 militibus
1369 2111 1541 2147 solvendi
1567 2125 1630 2147 an-

982 2173 1198 2219 tiquissima
1225 2174 1322 2207 ratio
1349 2179 1417 2210 259
1444 2187 1525 2223 sqq.

939 2236 1121 2269 subsidia
1148 2242 1351 2281 temporum
1376 2250 1491 2284 prave
1518 2241 1594 2272 153.

938 2299 1029 2332 Sum
1056 2298 1180 2344 (ρετ),-
1213 2298 1259 2332 de
1285 2299 1366 2332 cius
1392 2300 1523 2346 positu
1548 2305 1630 2338 269.

937 2361 1026 2394 Sum
1055 2365 1093 2393 et
1115 2362 1180 2405 [ιη’
1202 2361 1241 2394 in
1262 2361 1424 2407 passivis
1449 2366 1522 2396 218
1547 2375 1619 2410 sqq

938 2423 1147 2457 Subtemen-c
1171 2423 1409 2471 offensionem
1428 2437 1543 2471 prave
1563 2437 1631 2471 po-

984 2483 1101 2518 situm
1128 2489 1208 2522 286.

939 2547 1091 2581 Sustuli
1119 2560 1303 2593 poenam,
1348 2548 1389 2583 id
1423 2555 1502 2593 cst,
1534 2552 1636 2586 subii

981 2611 1060 2643 316.

938 2670 1039 2705 Suus
1063 2682 1180 2718 prave
1211 2685 1282 2720 pro
1309 2675 1388 2709 eius
1414 2676 1460 2709 48
1488 2679 1527 2710 et
1551 2680 1635 2713 not·

943 2795 1072 2836 Tanti,
1109 2803 1166 2832 est
1202 2799 1308 2833 tanati
1342 2801 1410 2833 187
1447 2811 1527 2847 sqq.
1563 2800 1630 2844 (de

982 2869 1023 2894 re
1047 2859 1208 2906 optabili
1235 2864 1303 2896 188
1323 2873 1394 2908 sq„
1415 2861 1455 2896 in
1478 2875 1522 2897 eo
1545 2862 1627 2897 hre-

983 2921 1079 2956 vitas
1108 2925 1185 2964 189,
1212 2935 1298 2958 cum
1323 2923 1516 2958 infinitivo
1541 2925 1627 2959 sub-
