1821 3309
214 231 309 281 158

143 382 233 422 νοις
279 382 456 427 porcam
504 366 659 409 herede·
702 378 795 408 esse
830 364 1129 415 emetraccan13
1176 364 1402 408 habendas
1429 365 1622 409 triduum

129 454 285 504 serias
314 457 356 493 el
379 462 513 506 porco
527 445 711 498 femina
733 446 958 502 piaculum
981 449 1115 501 pali:
1147 449 1190 488 εἰ
1216 449 1263 487 in
1293 450 1410 488 mari
1432 451 1626 488 mortum·

143 538 271 584 esset,
295 531 460 579 eadem,
485 534 651 584 proeler
671 527 895 583 piaculum
923 524 1145 576 elfere'as.
1203 525 1451 568 Mer-cetius
1477 535 1624 569 tamen

145 621 189 654 et
210 613 402 654 editores
434 617 535 651 ante
564 607 860 649 Goerenzium
886 614 1004 647 recte
1031 612 1075 648 et
1104 614 1205 648 ante
1235 604 1460 648 habendas
1494 606 1625 649 adde-

145 691 276 739 bant3
311 704 410 731 nam
443 704 503 730 ex
537 693 806 729 contractam
839 693 880 728 el
912 694 1054 727 ortum
1089 695 1155 727 est
1185 687 1229 727 in
1264 686 1489 728 codicibus
1524 700 1625 738 con-

145 776 321 814 tractet.
387 765 476 811 Sed
520 763 720 807 Orellius
760 765 852 807 hoec
884 780 1066 822 prorsus
1106 779 1315 821 perversa
1359 779 1456 807 esse
1486 773 1629 822 putat,

148 851 279 908 quod,
314 850 509 890 detracto
542 845 715 903 piaculo
748 855 791 887 et
825 846 965 897 feriis,
999 843 1110 885 nihil
1145 853 1372 887 remaneat
1409 846 1456 886 in
1486 844 1627 888 altera

146 939 285 986 parte.
343 928 513 984 Itaque,
544 941 630 968 non
656 940 761 967 sane
783 925 959 976 leniter,
989 926 1185 982 corrigit,
1212 927 1423 982 primum:
1449 938 1629 980 porcam

147 1009 303 1051 heredi
343 1022 428 1049 uon
470 1021 563 1047 esse
604 1011 899 1055 contractam,
940 1013 1055 1046 tum:
1110 1006 1286 1057 eadem,
1317 1005 1546 1061 piaculum
1589 1010 1633 1046 et

138 1088 321 1139 semes,-
355 1086 488 1128 effieit
519 1094 681 1137 autem,
714 1093 761 1125 ut
793 1099 972 1140 prorsus
1005 1100 1214 1140 perverse
1244 1085 1294 1126 P.
1325 1084 1521 1133 Mucius,
1557 1098 1633 1140 po·

152 1170 249 1210 sitis
284 1166 454 1209 duobus
499 1166 703 1215 diversis,
752 1164 804 1205 ad
838 1179 932 1220 quae
963 1174 1280 1220 exspectentur
1312 1165 1487 1206 diversa
1520 1177 1634 1220 prae-

157 1257 284 1304 cepta
315 1248 370 1301 (si
396 1248 437 1287 in
462 1246 564 1286 navi
592 1246 688 1300 quis
713 1253 892 1285 necatus
916 1253 1033 1284 esset
1058 1253 1100 1284 et
1126 1246 1162 1284 si
1189 1246 1231 1285 in
1260 1245 1404 1298 mari),
1439 1244 1555 1284 idem
1587 1244 1633 1284 in

154 1336 337 1380 utraque
374 1340 421 1366 re
453 1325 672 1364 decernat.
739 1321 829 1364 Cur
863 1324 995 1378 igitur
1027 1325 1328 1365 diversitatem
1366 1325 1430 1364 rei
1461 1320 1633 1379 signifi-

154 1404 301 1448 carat?
331 1404 499 1446 Verum
531 1403 679 1443 omnia
708 1401 821 1442 bene
854 1401 1034 1454 habent,
1067 1403 1180 1458 quod
1213 1403 1266 1444 ad
1296 1405 1392 1458 ipsa
1418 1410 1636 1457 praccepta

155 1487 326 1527 attinet.
388 1482 488 1538 Ipse
532 1483 646 1522 enim
682 1480 883 1522 ofellius
918 1481 1161 1530 intellexit,
1207 1482 1251 1522 in
1294 1482 1490 1523 codicum
1529 1481 1636 1522 scri-

153 1574 304 1621 ptura,
335 1563 511 1618 dempto
537 1560 711 1617 piaculo
737 1569 779 1601 et
805 1561 944 1612 feriis,
979 1575 1222 1612 remanere,
1255 1561 1369 1616 quod
1392 1561 1635 1602 maximum

156 1652 237 1695 est,
272 1656 451 1698 porcum
495 1645 763 1681 contractam
807 1641 870 1692 (id
915 1649 997 1692 est,
1031 1654 1202 1681 sacrum
1240 1641 1474 1695 quotannis
1506 1653 1638 1697 porca

158 1722 407 1765 faciendum
441 1730 483 1762 et
515 1721 703 1762 fortasse
738 1719 847 1770 alia)
873 1718 935 1775 Ῐ);
979 1720 1053 1761 sed
1086 1719 1128 1760 id
1165 1734 1296 1761 unum
1334 1728 1467 1776 negat
1500 1720 1542 1760 in
1575 1716 1638 1759 al·-

156 1812 250 1843 tero
296 1800 494 1843 membro
536 1798 779 1856 significari
823 1814 953 1855 posse
1001 1814 1108 1841 voce
1144 1799 1308 1840 eadem.
1374 1798 1555 1841 Scilicet
1586 1813 1638 1839 ca

157 1882 348 1937 pertinet
380 1879 432 1920 ad
481 1887 619 1919 totum
653 1876 790 1920 Mucii
819 1879 1059 1930 decretum,
1092 1877 1305 1919 familiam
1338 1892 1491 1933 puram
1525 1891 1639 1927 esse,

158 1960 272 2016 quod
303 1974 354 2000 os
380 1973 463 1999 non
494 1966 706 2008 exstaret,
736 1958 811 1999 sed
842 1973 1017 2013 porcam
1048 1965 1313 1999 contractam
1336 1971 1449 1998 esse.
1510 1955 1640 2006 Quod

159 2047 306 2080 autem
358 2037 488 2094 paulo
534 2036 680 2078 levior
720 2038 921 2093 expiatio
966 2038 1246 2078 constituitur
1293 2037 1338 2077 in
1378 2051 1447 2088 eo,
1489 2036 1640 2092 quiin

159 2119 269 2158 mari
319 2125 516 2157 mortuus
559 2117 631 2167 sit,
677 2131 804 2171 quam
854 2117 896 2156 in
941 2131 1011 2165 eo,
1057 2117 1130 2171 qui
1166 2117 1208 2156 in
1242 2117 1347 2155 navi
1381 2123 1564 2156 necatus
1599 2122 1643 2155 et

160 2196 402 2249 proiectus,
434 2193 527 2235 haec
559 2195 653 2234 sine
686 2193 820 2234 dubio
853 2209 985 2234 causa
1018 2202 1101 2245 est,
1133 2194 1247 2249 quod
1280 2195 1322 2234 in
1355 2193 1439 2234 hoc
1469 2193 1642 2234 occasio

161 2274 318 2315 fuisset
361 2273 474 2313 ossis
518 2272 795 2328 excipiendi,
840 2273 952 2328 quod
1001 2282 1116 2313 terra
1160 2273 1421 2328 operiretur.
1486 2271 1640 2328 Itaque

162 2353 271 2404 haec,
315 2365 409 2407 quae
449 2360 570 2392 recta
614 2360 729 2401 sunt,
764 2366 818 2393 ne
861 2366 1144 2400 moveamus3
1187 2350 1295 2392 illud
1342 2366 1395 2392 ne
1433 2351 1642 2401 seranum,

166 2431 278 2488 quod
328 2430 578 2485 superiores
631 2429 800 2486 aliquot
849 2440 967 2472 recte
1023 2446 1109 2472 non
1151 2430 1378 2480 tulerunt,
1417 2431 1643 2485 piaculum

161 2513 266 2565 pati
285 2523 422 2565 porco
455 2509 556 2560 dici,
587 2510 659 2564 qui
686 2509 907 2565 piaculare
939 2525 1109 2552 sacrum
1141 2509 1299 2563 faciat3
1330 2508 1468 2551 multo
1497 2517 1641 2551 autem

169 2590 311 2630 minus
354 2587 446 2629 haec
487 2589 716 2644 coniungi:
753 2588 978 2630 habendas
1013 2590 1203 2631 triduum
1226 2589 1383 2639 ferias
1415 2594 1459 2629 et
1482 2591 1643 2643 piacu-

165 2669 251 2710 lum
274 2671 378 2722 puli
406 2681 482 2722 pro
513 2667 786 2722 patiendum.
855 2666 970 2709 Tum
998 2683 1103 2709 vero
1136 2669 1329 2709 animum
1366 2666 1643 2708 attendamus

193 2849 224 2892 ¹)
253 2845 342 2881 vid.
363 2845 510 2880 Marius
533 2845 722 2880 Victor-in.
746 2845 815 2881 lib.
837 2845 873 2880 11
895 2859 930 2893 p.
956 2848 1050 2880 2470
1071 2843 1227 2882 Putsch.
1249 2850 1287 2880 et
1310 2844 1512 2881 Ciceronis
1533 2845 1647 2881 verba

263 2910 284 2950 §
310 2911 357 2943 55
381 2908 529 2954 posita:
557 2921 638 2957 quw
662 2909 702 2942 in
725 2920 842 2953 porca
867 2913 1068 2944 contracta
1093 2908 1181 2943 ιἰινα
1212 2908 1302 2944 sint.
