1821 3309
253 152 357 204 200

192 309 285 352 quae
317 307 405 336 non
435 293 551 336 dixit
583 301 729 350 poeta,
759 292 836 335 sed
867 306 962 350 quae
997 294 1077 335 vix
1110 293 1312 336 videatur
1344 295 1490 338 dicere
1531 291 1660 339 volu-

191 377 294 416 isse.
352 371 495 415 Nemo
537 374 653 414 enim
703 372 833 414 facile
867 374 912 414 in
955 372 1054 415 his:
1105 371 1224 422 Quid
1252 373 1374 424 fecit
1411 379 1501 416 tam
1546 387 1664 416 saeva

192 451 465 507 tyrannide?
496 460 620 508 putet
650 451 702 493 de
733 451 847 493 bene
883 451 1012 492 factis
1047 460 1089 492 et
1120 454 1288 494 meritis
1320 455 1469 509 quaeri.
1534 452 1665 504 Quod

193 540 338 574 autem
370 530 462 572 haec
491 529 628 572 verba
655 539 788 587 negat
819 532 1037 587 pertinere
1071 532 1122 573 ad
1157 533 1348 587 priorem
1383 534 1665 584 sententiam,

193 611 268 652 sed
295 618 487 664 poetam,
519 609 722 650 absoluta
745 610 1021 666 digressione
1053 610 1105 651 de
1129 609 1320 652 Neronis
1350 613 1488 663 vitiis,
1518 611 1666 653 redire

196 689 250 731 ad
280 689 340 741 id,
374 688 489 745 quod
521 688 623 729 inde
656 703 681 730 a
715 703 846 729 versu
879 691 961 729 211
997 698 1183 730 tractare
1217 691 1474 741 instituerit,
1503 690 1551 731 id
1587 691 1667 731 vix

196 770 397 824 cuiquam
429 765 726 823 persuadebit,
778 772 849 823 qui
885 768 1059 818 viderit,
1091 781 1268 822 prorsus
1300 767 1353 808 de
1385 768 1543 809 iisdem
1576 766 1667 810 Ne-

196 849 315 889 ronis
357 848 478 889 vitiis
521 855 564 887 et
603 847 788 887 scenicis
843 845 1010 887 artibus
1066 847 1140 902 agi
1193 847 1409 902 proximis
1449 846 1668 888 versibus.

198 926 327 977 Quod
358 940 444 967 non
477 923 657 966 difficile
693 933 786 965 erat
818 926 1000 976 videre,
1053 925 1176 965 venit
1210 926 1341 965 etiam
1375 924 1588 981 Rupertio
1623 926 1668 966 in

199 1013 388 1047 mentem
423 1004 488 1060 (in
522 1012 754 1045 comment.
786 1013 875 1044 not.
905 1004 1006 1056 73),
1057 1004 1135 1044 sed
1167 1002 1352 1044 firmiter
1385 1002 1671 1059 comprehen-

199 1097 295 1124 sum
327 1097 412 1124 non
446 1090 528 1132 est,
562 1096 734 1122 versum
765 1083 849 1122 223
879 1096 965 1122 non
995 1096 1073 1135 per
1106 1096 1152 1122 se
1183 1082 1419 1138 legendum
1456 1096 1569 1134 esse,
1611 1095 1672 1124 ex

201 1176 286 1218 quo
329 1159 514 1202 efficitur
556 1160 870 1201 absurdissima
913 1161 1156 1210 sententia,
1208 1161 1284 1201 sed
1321 1161 1539 1216 superiori
1571 1174 1672 1202 con-

201 1240 486 1296 iungendum,
515 1237 636 1279 nulla
666 1253 801 1293 prope
834 1240 1101 1287 mutatione3
1131 1236 1391 1280 difficillime
1414 1240 1531 1280 enim
1555 1253 1672 1295 saepe

202 1319 247 1359 in
290 1315 513 1358 codicibus
555 1317 801 1372 distinguas
845 1316 1100 1371 compendia
1141 1331 1298 1358 vocum
1341 1318 1448 1372 quid
1481 1327 1524 1359 et
1560 1318 1677 1373 quod

204 1403 356 1452 estque
388 1409 537 1437 earum
570 1403 781 1451 perpetua
814 1395 1029 1436 confusio.
1098 1394 1387 1436 scribendum
1420 1403 1486 1436 est
1516 1396 1676 1452 igitur:

848 1472 965 1522 Quid
1002 1474 1117 1514 enim
1150 1473 1384 1529 Virginius
1418 1475 1553 1515 arinis

470 1550 641 1593 Debuit
671 1551 826 1593 ulcisci
856 1553 999 1608 magis
1031 1560 1105 1593 aut
1133 1567 1229 1594 cum
1262 1553 1453 1595 Vindice
1486 1551 1645 1603 Galba,

478 1628 607 1679 Quod
629 1630 750 1672 Nero
785 1640 872 1673 tam
903 1646 1022 1672 saeva
1051 1631 1269 1687 crudaque
1294 1632 1522 1686 tyrannide
1543 1630 1678 1673 fecit3

206 1708 288 1750 hoc
319 1716 400 1760 est,
434 1709 537 1765 quid
568 1724 628 1750 ex
663 1709 866 1751 omnibus
900 1712 994 1751 eius
1027 1709 1184 1751 factis}
1221 1709 1408 1752 Prorsus
1424 1711 1539 1752 idem
1558 1723 1679 1751 men-

205 1786 307 1828 dum
338 1788 384 1827 in
417 1788 570 1828 eadem
606 1790 818 1828 orationis
852 1789 993 1829 forma
1036 1789 1214 1843 irrepsit
1246 1790 1290 1829 in
1323 1787 1461 1829 verba
1491 1787 1555 1829 Μ.
1583 1787 1678 1829 An-

206 1865 333 1914 tonii,
366 1880 460 1920 quae
493 1880 554 1907 ex
588 1867 683 1906 eius
713 1865 873 1908 litteris
906 1867 1073 1923 profert
1099 1866 1254 1908 Cicero
1285 1867 1330 1906 in
1362 1868 1560 1907 oratione
1576 1865 1681 1906 Phi-

206 1941 311 1999 lipp.
342 1942 437 1985 XII
470 1942 580 1998 §34,
616 1943 691 1985 ubi
723 1945 890 1985 editur:
925 1944 1132 2001 Denique
1162 1945 1270 2001 quid
1298 1958 1384 1986 non
1415 1950 1496 1986 aut
1512 1942 1679 1999 proba-

208 2024 333 2063 vistis
375 2027 455 2064 aut
479 2021 699 2071 fecistis?
748 2020 1064 2076 Qaidfaciat‚
1098 2028 1139 2065 si
1163 2027 1404 2065 reviviscat
1440 2023 1516 2064 Cn.
1551 2023 1682 2066 Pom-

206 2103 334 2154 peius·
375 2102 500 2156 ipse'}
555 2100 758 2141 Ridicule
804 2111 1037 2158 utrumque
1079 2104 1399 2157 interrogatum
1458 2114 1559 2141 nam
1600 2113 1682 2140 nec

211 2179 358 2220 onmia
389 2179 566 2219 omnino
598 2186 824 2219 senatores
855 2180 1093 2235 probarent
1124 2188 1199 2220 aut
1231 2180 1442 2229 fecerant,
1469 2192 1550 2219 nec
1579 2175 1683 2218 illos

210 2255 397 2313 urgebat
434 2258 579 2298 inanis
620 2258 802 2312 quaestio
844 2257 897 2297 de
938 2257 1166 2298 voluntate
1196 2257 1412 2313 Pompeii,
1445 2258 1483 2297 si
1515 2257 1680 2298 revivi—

211 2344 366 2377 sceret.
431 2334 516 2376 Illa
549 2350 625 2376 eos
655 2337 944 2391 interrogatio
976 2335 1218 2391 premebat,
1250 2351 1334 2391 qua
1368 2333 1685 2391 arguebantur,

213 2428 345 2471 quum
378 2412 564 2455 Caesaris
594 2422 690 2455 acta
723 2429 770 2455 se
801 2424 1054 2456 servaturos
1087 2417 1322 2466 iurassent,
1354 2415 1501 2455 omnia
1530 2428 1583 2454 ea
1599 2413 1686 2468 ipsi

211 2491 387 2544 fecisse,
423 2506 518 2548 quae
553 2491 788 2547 Pompeius
821 2492 1017 2534 facturus
1047 2494 1220 2544 fuisset,
1249 2495 1287 2534 si
1320 2494 1513 2535 viveret:
1541 2490 1682 2532 Deua·-

212 2583 294 2626 qne
323 2570 430 2625 quid
460 2583 547 2612 uon
579 2577 660 2612 ant
679 2570 949 2625 probavistis
980 2578 1057 2613 aul
1072 2571 1288 2624 fecistis,
1328 2570 1480 2626 quod
1507 2567 1683 2619 faciat,

213 2651 255 2689 si
276 2652 529 2699 reviviscat,
566 2648 642 2689 Cn.
672 2649 902 2704 Pompeius
936 2652 1061 2705 ipse?

324 2724 413 2768 Uni
455 2735 669 2782 praeterea
711 2728 810 2770 loco
842 2730 1093 2770 coniectura
1126 2726 1362 2769 subvenire
1394 2722 1614 2772 conabor3
1645 2726 1683 2764 is

212 2807 257 2846 in
294 2806 429 2848 satira
471 2806 644 2849 decima
681 2816 772 2860 est,
826 2821 958 2850 versu
995 2807 1066 2849 55.
1129 2805 1243 2849 Nam
1281 2803 1508 2860 exposito,
1553 2815 1682 2858 quam
