1821 3309
308 183 406 232 216

243 326 373 379 longe
403 322 600 378 plurimoe
631 320 828 376 regulam
859 321 1130 376 sequuntur).
1193 320 1414 377 Exempla
1445 335 1601 376 ponam
1636 334 1695 362 ex

244 402 383 444 tribus
414 400 506 442 illis
540 399 824 456 scriptoribus
859 413 961 450 non,
993 408 1039 440 ut
1073 407 1188 452 ante,
1217 399 1396 449 selecta,
1428 399 1503 440 sed
1538 401 1698 448 omnia,

246 490 293 523 ut
325 488 559 537 appareat,
615 494 742 535 quam
784 480 872 518 sint
912 493 1065 534 pauca.
1123 477 1278 519 Livius
1316 480 1450 534 igitur
1489 477 1600 529 VII,
1645 479 1700 518 15

249 561 446 615 scripsit:
475 558 641 614 Ecquis
671 564 922 613 sequeretur
952 571 1111 608 eorum,
1142 561 1219 612 qni
1245 557 1366 598 modo
1400 558 1578 599 ducturi
1589 555 1700 607 sue-

249 641 369 681 rint?
414 638 585 693 Regula
631 637 907 694 postulabat:
952 651 1123 693 ecquem
1164 639 1323 692 sequi?
1380 637 1465 677 Sed
1511 633 1703 676 haerebat

251 720 395 760 animo
426 718 629 773 proxime
661 717 909 770 praecedens
939 720 1151 770 rogitans.
1221 716 1366 757 Caesar
1396 715 1446 757 B.
1481 714 1531 756 C.
1560 714 1605 765 I,
1648 716 1704 755 32

251 799 390 839 dixit:
436 810 512 837 car
530 794 661 845 ferri
684 809 839 850 passus
873 797 1017 835 esset?
1054 809 1160 850 pro:
1198 809 1375 850 passum
1409 796 1534 835 esse?
1576 791 1707 834 Taci-

252 886 321 918 tus
354 877 471 918 Ann.
507 875 600 921 xl,
643 877 722 917 19:
772 888 849 915 cur
877 873 1038 915 hostem
1074 875 1297 915 conce‘ret?
1344 873 1410 928 (In
1442 872 1707 921 huiusmodi,‘

253 956 393 1013 qualis
436 955 519 996 hoc
556 953 655 995 loco
705 963 795 1005 est,
839 953 1100 994 brevissima
1139 952 1460 1010 significatione
1497 952 1710 992 sermonis

254 1035 477 1076 hominum
512 1033 940 1089 reprehendentium,
980 1032 1100 1073 nulla
1131 1033 1456 1073 continuatione
1487 1031 1711 1081 orationiS,

258 1112 380 1154 nullo
414 1113 554 1168 posito
585 1112 740 1153 alienae
775 1112 985 1152 orationis
1018 1112 1204 1162 indicio,
1245 1113 1422 1152 omnino
1457 1112 1536 1151 vix
1566 1108 1711 1150 locum

257 1192 391 1234 habet
431 1190 698 1239 infinitivus3
750 1192 877 1231 nimis
925 1191 1039 1231 enim
1083 1199 1231 1246 aperte
1269 1191 1413 1231 animo
1455 1187 1714 1229 obversatur

259 1273 312 1314 ad
356 1272 598 1312 orationem
639 1270 914 1311 vinciendam
954 1283 1038 1309 non
1081 1269 1289 1325 generale
1332 1267 1607 1319 declarandi,
1637 1266 1714 1308 sed

258 1349 449 1406 speciale
484 1349 703 1403 quaerendi
737 1346 946 1397 verbum,
977 1349 1047 1387 cui
1088 1348 1436 1388 accommodetur
1465 1346 1714 1399 sententia.)

259 1430 380 1471 Idem
410 1427 552 1478 XIII,
594 1429 671 1468 42:
725 1441 809 1481 qua
839 1430 1060 1481 sapientia
1091 1449 1144 1456 —
1195 1432 1263 1466 ter
1288 1426 1445 1466 millies
1474 1429 1717 1466 sestertium

260 1508 542 1565 paravisset?
590 1506 705 1547 Hist.
737 1506 829 1557 IV,
859 1507 908 1547 4:
953 1510 995 1546 si
1017 1510 1221 1561 privatus
1255 1510 1392 1553 esset,
1435 1518 1512 1545 cur
1543 1503 1719 1559 publice

262 1587 542 1644 loqueretur?
576 1595 618 1627 et
649 1585 736 1626 ibd.
771 1587 848 1627 62:
887 1583 1026 1633 Quale
1057 1585 1172 1625 illud
1201 1586 1317 1625 iter?
1349 1587 1444 1638 quis
1475 1583 1569 1624 dulc
1598 1585 1718 1625 vz‘oe?

263 1668 349 1721 (Ad
380 1666 459 1707 hos
494 1666 602 1706 duos
636 1665 757 1706 locos
789 1665 939 1706 eadem
973 1665 1217 1719 pertinent,
1266 1678 1359 1719 quae
1402 1663 1455 1703 de
1487 1662 1604 1704 Ann.
1633 1662 1722 1714 XI,

264 1749 318 1787 19
347 1743 481 1799 dixi.)
546 1744 779 1799 singulare
807 1752 872 1784 est
894 1745 936 1784 in
963 1744 1102 1798 prima
1126 1757 1311 1798 persona
1331 1741 1585 1797 exemplum
1607 1742 1721 1797 apud

268 1823 307 1864 T
312 1825 471 1865 acitum
502 1822 619 1864 Hist.
652 1822 744 1873 IV,
786 1824 863 1863 282
900 1826 1003 1877 quin
1034 1825 1184 1877 potins
1214 1844 1268 1851 -—
1299 1822 1578 1863 exsolverent
1601 1821 1723 1875 (quin

271 1927 315 1932 —-
351 1902 614 1942 exsolvimus
629 1903 666 1955 ἒ)
693 1902 741 1954 ῐ).
806 1901 854 1941 In
885 1901 1002 1942 Hist.
1035 1900 1123 1950 IV,
1155 1903 1212 1940 69
1245 1900 1375 1955 (quod
1416 1905 1550 1954 caput
1577 1898 1724 1939 bello?

268 1982 383 2023 mede
424 1985 492 2021 ius
536 1984 860 2035 cmspe‘cz'wnqne
894 1982 1151 2035 peteretur?
1194 1993 1320 2035 quam
1363 1979 1504 2020 sedem
1541 1981 1726 2033 imperio

270 2062 464 2114 legerent
477 2061 517 2107 42)
546 2058 765 2110 similiter,
802 2068 846 2099 ut
870 2074 1004 2114 supra
1027 2059 1341 2114 interrogandi,
1374 2059 1436 2099 sio
1461 2056 1531 2098 hit:
1561 2055 1726 2098 delibe-

271 2139 395 2179 randi
428 2139 546 2178 notio
579 2136 847 2188 occurrebat,
881 2137 1004 2177 nulla
1034 2137 1304 2192 praecedente
1339 2137 1548 2176 orationis
1573 2134 1727 2176 alienae

272 2232 348 2273 per
377 2215 643 2256 infinitivum
675 2214 822 2255 relatae
854 2223 990 2269 parte.
1066 2214 1250 2255 Prorsus
1281 2230 1307 2255 a
1338 2213 1490 2271 regula
1523 2212 1729 2265 deflectit,

274 2296 387 2352 quod
427 2303 493 2335 est
535 2294 647 2348 apud
687 2293 864 2334 Livium
896 2293 966 2342 V,
997 2295 1044 2334 2:
1091 2291 1306 2341 Quidnam
1336 2295 1408 2335 illi
1435 2294 1631 2334 consules
1665 2293 1730 2334 di-

278 2381 519 2417 ‹stator-esve
568 2372 744 2419 factm-c·
780 2375 953 2413 essent?
997 2371 1203 2413 Debebat
1243 2372 1455 2414 scribere:
1517 2369 1733 2419 Quidnam

279 2455 376 2495 illos
418 2478 468 2484 --
495 2450 706 2502 facturos
757 2453 880 2491 esse?
910 2445 911 2448 ¹
936 2451 1236 2507 Compar-etun
1264 2452 1392 2493 modo
1436 2451 1548 2506 apud
1587 2451 1731 2506 ipsum

281 2530 415 2582 VIII,
453 2530 530 2572 31:
586 2529 703 2578 (laid
743 2531 863 2571 illam
890 2529 1125 2580 factm-nm
1154 2530 1344 2581 fuisse?
1391 2539 1434 2572 et
1463 2546 1499 2571 c.
1531 2531 1587 2570 33
1616 2537 1730 2570 extr.

281 2610 505 2664 saepius.2)
576 2608 682 2650 Haec
714 2609 846 2664 igitur
880 2609 1086 2665 exempla
1117 2625 1142 2650 a
1175 2611 1311 2664 prima
1342 2610 1480 2651 forma
1514 2607 1729 2649 aberrant.

308 2766 338 2806 ¹)
375 2760 607 2803 videantur,
634 2774 716 2809 quae
742 2763 854 2809 paulo
880 2768 968 2797 ante
993 2764 1038 2797 de
1064 2764 1251 2809 particula
1278 2764 1367 2812 quin
1392 2763 1492 2797 dieta
1519 2768 1617 2797 sunt.

308 2825 343 2868 ²)
381 2823 510 2870 [Apud
535 2823 684 2859 Livium
702 2824 768 2865 lv,
798 2827 850 2866 15,
877 2827 897 2860 4
923 2825 1002 2862 haec
1030 2825 1163 2862 verbm
1191 2827 1241 2862 Et
1269 2827 1351 2872 quia
1382 2828 1512 2862 homo?
1535 2838 1613 2862 non
1632 2837 1731 2861 semu
