1821 3309
310 184 412 234 224

247 329 411 366 latente
440 324 544 373 deo,
600 331 646 363 ut
675 324 804 363 mirer
846 338 923 378 pro
963 325 1212 366 testimonio
1254 325 1441 380 proferri
1487 327 1700 382 deprava-

250 416 336 445 tam
364 404 475 444 hanc
504 403 784 458 scripturam:
830 401 967 445 Dicta
994 404 1101 453 suit
1139 406 1326 445 Latium.
1385 404 1612 447 Postremo
1644 420 1703 446 ex

248 485 374 525 Pont.
407 481 488 533 Ill,
517 483 558 532 5,
606 479 780 529 23fuc't
813 483 966 524 solitas
994 482 1236 539 significat:
1280 486 1363 524 wie
1400 483 1470 525 ich
1505 483 1703 539 gewolmt

246 576 447 618 gewesen
479 561 579 607 bin,
633 568 679 599 ut
729 560 883 601 solitus
923 577 1001 617 pro
1045 563 1262 604 adiectivo
1300 563 1356 603 sit
1397 564 1626 618 (assuetus)
1657 563 1705 617 ¹).

249 643 471 698 Apparet,
526 641 708 694 opinor,
772 655 869 681 eum
925 640 1132 697 loquendi
1189 642 1393 693 modum,
1450 657 1534 698 quo
1593 645 1705 682 occi-

249 736 321 762 sus
363 719 470 770 fnit
522 734 600 776 pro
643 723 809 760 occisus
862 718 928 760 ebt
982 723 1183 776 ponitur,
1241 721 1572 777 relinquendum
1609 734 1706 760 esse

252 800 414 841 ultimae
474 800 613 839 aetatis
681 798 986 854 scriptoribus,
1042 800 1164 842 velut
1228 801 1297 848 ei,
1366 801 1440 855 qui
1494 801 1706 855 epitomas

255 881 538 922 Livianorum
566 877 778 918 librorum
812 880 1054 933 composuit
1083 880 1195 930 (vid.
1231 881 1332 935 epit.
1362 878 1453 934 27),
1484 887 1526 919 et
1557 877 1709 919 simili-

254 960 348 1002 bus.
413 958 618 1012 Excipi0‚
651 971 744 1011 quae
776 958 888 1012 apud
916 957 1118 999 Plautum
1149 961 1193 999 in
1221 957 1359 999 tribus
1389 956 1706 1014 deponentibus

254 1040 552 1086 inveniuntur,
584 1040 700 1076 sciui
735 1042 777 1076 et
815 1041 996 1077 miratus
1025 1037 1112 1087 fui
1151 1037 1349 1092 (Poenul.
1388 1037 1448 1084 V,
1490 1039 1533 1088 6,
1563 1037 1633 1090 10)
1667 1044 1709 1076 et

255 1121 457 1172 opinatus
474 1114 561 1164 ful
589 1115 823 1170 (Amphitr.
864 1115 899 1165 Ι,
938 1115 973 1166 Ι,
1017 1118 1091 1166 31)
1134 1125 1175 1156 et
1207 1123 1354 1156 vectus
1370 1114 1458 1166 feci
1493 1114 1605 1169 (Mil.
1638 1113 1709 1154 Gl.

256 1196 314 1247 ΙΙ,
360 1198 399 1246 1,
433 1195 521 1248 40),
567 1203 609 1233 et
645 1195 679 1233 si
719 1193 831 1248 quod
875 1203 941 1234 est
982 1194 1125 1235 simile
1168 1194 1287 1235 aliud
1329 1195 1522 1235 eiusdem
1570 1195 1709 1234 aetatis

255 1273 525 1328 exemplum.
591 1272 808 1312 Videntur
839 1275 952 1313 enim
984 1275 1028 1313 in
1059 1276 1237 1328 antiquo
1264 1287 1464 1314 sermone
1494 1273 1708 1314 interdum

256 1354 486 1410 participia
530 1351 723 1406 quaedam
764 1351 1071 1405 deponentium
1103 1361 1146 1392 et
1178 1354 1450 1407 passivorum
1485 1353 1547 1392 sic
1585 1360 1709 1404 potu-

257 1437 344 1475 isse
375 1433 493 1488 poni,
523 1439 567 1470 ut
602 1432 741 1485 magis
773 1429 970 1471 absolute
994 1431 1292 1472 condicionem
1320 1440 1362 1471 et
1390 1439 1547 1471 statum
1577 1431 1713 1484 signi-

260 1511 456 1562 ficarent,
487 1524 607 1566 paene
640 1511 683 1549 in
717 1510 920 1550 adiectivi
963 1512 1183 1551 notionem
1229 1510 1514 1559 transeuntia,
1557 1508 1712 1550 deinde

260 1591 439 1633 verbum
475 1590 786 1645 adiungeretur
827 1604 903 1644 per
933 1604 980 1629 se
1013 1591 1220 1645 praeteriti
1260 1590 1415 1636 forma,
1452 1598 1498 1629 ut
1533 1591 1714 1629 miratus

245 1670 332 1721 fui
363 1684 449 1710 non
483 1678 569 1709 tam
602 1668 683 1709 hoc
727 1677 865 1709 esset:
897 1671 978 1723 jeg
1021 1668 1102 1710 Ιιαν
1132 1668 1380 1718 forandret
1418 1672 1520 1723 mig,
1563 1681 1713 1723 qnam:

249 1753 331 1804 jeg
364 1748 444 1789 Ῐιαν
488 1753 627 1788 voeret
652 1745 910 1796 forzmdret.
977 1748 1130 1789 Simile
1175 1757 1266 1798 est,
1313 1747 1426 1802 quod
1471 1747 1626 1788 accidit
1669 1747 1713 1786 in

255 1827 461 1877 feriandi
490 1834 533 1866 et
576 1825 791 1880 operanda·
826 1825 988 1878 verbis,
1022 1836 1067 1867 ut
1084 1826 1288 1877 feriatus
1321 1840 1410 1867 sum
1441 1835 1484 1867 et
1515 1830 1715 1880 operatus

261 1922 351 1948 sum
382 1921 458 1962 pro
491 1904 777 1960 praesentibus
808 1907 908 1946 sint.

374 1985 502 2026 Paene
529 1982 691 2024 oblitus
717 1998 811 2024 sum
834 1983 1022 2034 Horatii,
1053 1985 1166 2039 apud
1191 2000 1317 2041 quem
1346 1986 1389 2024 in
1414 1983 1504 2025 Sat.
1533 1982 1567 2033 1,
1594 1984 1636 2034 6,
1664 1983 1718 2023 13

265 2064 389 2106 multi
423 2061 699 2103 scribendum
728 2072 958 2116 putarunt:
1001 2064 1152 2104 Valeri
1176 2079 1331 2119 genus,
1361 2063 1475 2105 mule
1499 2060 1718 2116 Superbus

270 2144 540 2196 Tarquinius
569 2154 703 2194 regno
724 2142 879 2194 pulsus
890 2140 1006 2191 fecit,
1038 2143 1188 2182 eadem
1212 2143 1426 2182 sententia
1448 2156 1496 2181 ae
1520 2142 1557 2180 si
1581 2148 1717 2181 esset}

262 2222 413 2277 pulsus
453 2224 530 2267 est,
569 2226 616 2258 ut
653 2220 866 2258 evitarent
907 2234 1096 2273 praesens
1131 2222 1274 2270 nimis,
1304 2229 1351 2259 ut
1385 2217 1633 2269 credebant,
1661 2217 1715 2258 ab

268 2299 345 2341 illo
392 2298 488 2338 loco
532 2296 797 2346 abhorrens,
838 2296 984 2352 ficglc.
1048 2298 1213 2340 Verum
1274 2300 1477 2353 quoniam
1533 2297 1719 2346 ostendi,

297 2479 329 2521 ¹)
369 2476 510 2521 [Pauca
546 2475 715 2522 quaedam
754 2474 826 2509 hoe
860 2476 945 2510 loco
975 2477 1015 2510 iu
1053 2476 1123 2510 hae
1152 2475 1270 2510 altera
1296 2476 1464 2512 editione
1490 2476 1620 2511 addita
1643 2487 1721 2510 non

360 2537 520 2572 distinxi
545 2550 564 2571 a
590 2538 742 2577 ceteris,
770 2537 858 2584 quia
880 2537 1163 2571 incommodum
1191 2542 1228 2571 et
1252 2538 1455 2573 molestum
1480 2543 1572 2573 erat.
1618 2536 1719 2571 Teti-

362 2600 419 2644 git
453 2610 575 2644 nuper
600 2600 698 2634 hane
724 2612 803 2634 rem
829 2600 992 2633 l-laasius
1022 2599 1069 2633 ad
1106 2598 1269 2645 Reisigii
1310 2600 1460 2635 scholas
1497 2599 1543 2632 de
1568 2609 1721 2643 gramm.

362 2660 443 2694 Lat.
471 2664 549 2695 not.
575 2664 643 2696 447
667 2674 800 2707 parum
827 2661 1007 2699 feliciter.
1065 2661 1160 2696 Nam
1186 2661 1316 2705 factus
1337 2662 1401 2706 fui
1423 2666 1460 2694 et
1486 2660 1618 2705 sactus
1646 2672 1724 2694 sum

365 2731 523 2767 prorsus
551 2723 706 2756 eandem
732 2723 919 2757 rationem
941 2722 1082 2757 habere
1099 2722 1261 2768 putavit,
1287 2727 1400 2769 atque
1423 2723 1552 2767 factus
1574 2722 1724 2767 fueram

365 2785 405 2815 et
426 2781 556 2826 factus
582 2797 696 2825 eram,
722 2784 825 2831 quod
850 2785 964 2830 long-e
989 2789 1046 2818 est
1070 2795 1179 2818 secus
1195 2788 1352 2830 propter
1369 2788 1544 2818 naturam
1560 2789 1597 2818 et
1614 2795 1727 2818 usum

368 2842 499 2877 formae
524 2843 631 2880 illius
654 2846 827 2891 faceram
856 2852 937 2882 tum
961 2847 1114 2882 incaute
1141 2845 1370 2881 testimoniis
1396 2859 1487 2882 usus
1519 2848 1603 2891 est]
