1821 3309
357 223 457 271 274

291 362 442 403 tribuit
488 361 683 413 primarii
727 356 847 398 verbi
895 355 1103 406 mutandi,
1147 357 1257 398 nihil
1304 366 1385 408 est,
1429 371 1506 398 nec
1541 355 1748 411 exemplo

294 441 453 481 veteris
478 438 716 491 scriptoriS,
747 435 821 476 sed
848 449 871 474 a
893 447 939 474 se
968 432 1154 475 conficto
1180 436 1327 476 utitur.
1392 435 1545 490 Itaque
1571 432 1749 476 dubium

292 533 375 560 non
412 518 596 566 videtur,
642 516 744 571 quin
780 514 861 554 hoc
896 513 1196 568 imperfectum
1230 513 1558 569 interpolationi
1591 510 1750 553 debea-

291 607 376 648 tur,
417 611 501 652 qua
546 595 750 635 damnata
791 606 876 632 non
919 592 1060 632 minus
1105 600 1265 633 rectum
1309 601 1374 632 est:
1416 590 1630 644 efficerem
1667 589 1750 632 hoc

291 677 405 716 enim
438 673 547 714 Cato
579 673 697 723 dicit,
740 671 993 712 effecturam
1032 671 1074 711 id
1110 678 1394 722 senectutem,
1424 672 1461 711 si
1493 669 1621 711 aliter
1652 665 1750 709 fieri

292 768 375 794 uon
408 760 578 808 posset3
613 765 725 791 nunc
753 750 920 789 ratione
949 749 991 789 id
1020 756 1062 788 et
1089 750 1306 804 sapientia
1336 747 1464 789 effici.
1521 747 1571 788 In
1599 747 1751 803 proxi-

293 833 374 872 mis
411 829 554 871 verbis
587 842 716 884 quum
751 828 974 868 ederetur:
1007 827 1199 881 Impedit
1230 830 1342 867 enim
1374 827 1600 867 consilium
1631 826 1752 867 volu-

286 917 401 964 plme,
437 912 606 949 rctlc'om‘
633 910 813 947 ἰἠιήιίεα
842 911 904 945 est
935 919 988 945 (ιε
1014 909 1169 946 mentis
1202 929 1248 934 —
1274 909 1554 960 praestringit
1588 904 1752 953 oculos,

291 1003 377 1028 non
422 987 709 1027 Ciceroniana
750 983 1042 1025 membrorum
1082 985 1388 1025 coniunctione
1440 983 1545 1037 (vid.
1589 981 1752 1036 Opusc.

292 1073 437 1106 nostra
464 1066 609 1119 priora
634 1080 673 1119 p.
697 1065 781 1104 334
803 1063 928 1117 sqq.),
957 1077 1041 1117 ego
1073 1077 1126 1103 ac
1156 1061 1315 1103 sustuli
1340 1064 1598 1103 auctoritate
1618 1059 1753 1102 Nonii

294 1152 336 1184 et
366 1143 527 1184 codicis
548 1143 660 1197 regii
687 1142 956 1194 duorumque
980 1148 1190 1195 praeterea
1214 1140 1407 1181 codicum
1437 1141 1482 1187 ¹).
1542 1138 1634 1194 [Ad
1659 1136 1750 1179 Cic.

293 1222 344 1262 de
378 1221 474 1263 Fin.
507 1219 573 1261 IV
607 1223 629 1271 ξ
658 1220 714 1260 56
744 1234 784 1273 p.
815 1216 937 1272 570]

405 1297 510 1351 Cap.
546 1298 614 1345 14,
657 1297 712 1335 46
743 1296 928 1344 restitui,
971 1295 1083 1348 quod
1117 1296 1388 1348 praestantior
1436 1296 1629 1337 codicum
1674 1309 1749 1334 au-

292 1376 468 1417 ctoritas
502 1374 630 1428 (reg.,
674 1373 793 1423 Erf.‚
823 1371 1010 1422 HaeueL,
1049 1372 1166 1424 cett.)
1199 1372 1546 1419 commendabat,
1576 1381 1752 1413 senten-

290 1456 352 1495 tia
377 1450 646 1507 requirebat:
674 1451 904 1505 voluptati,
950 1454 1073 1491 cuius
1101 1455 1165 1491 est
1179 1448 1384 1499 forlasse
1414 1451 1588 1505 quidam
1627 1455 1753 1492 natu-

292 1532 403 1573 ralis
434 1530 608 1577 modus‚·
641 1543 738 1570 nam
766 1527 875 1569 Cato
899 1529 1114 1584 quendam
1148 1528 1322 1569 modum
1353 1528 1588 1585 voluptatis
1621 1529 1754 1584 (quod

292 1611 406 1651 idem
454 1617 520 1649 est
557 1622 606 1648 ac
636 1609 672 1648 si
703 1608 835 1657 dicas,
867 1607 1137 1663 voluptatem
1169 1621 1306 1662 usque
1337 1608 1387 1648 ad
1424 1607 1636 1663 quendam
1663 1621 1754 1648 mo-

291 1689 410 1741 dum)
444 1686 642 1728 concedit
673 1685 860 1726 fortasse
901 1685 1157 1726 naturaliter
1197 1687 1357 1741 appeti,
1399 1695 1443 1726 ut
1487 1693 1653 1727 tantum
1692 1685 1752 1734 id,

292 1766 406 1821 quod
429 1765 543 1806 hunc
563 1764 737 1805 modum
759 1765 960 1815 excedat,
981 1763 1241 1819 reprehendi
1264 1763 1432 1806 debeat.
1493 1762 1755 1805 Necessaria

294 1844 383 1884 haec
426 1851 640 1884 certorum
684 1840 836 1883 finium
869 1841 1133 1898 significatio
1172 1857 1349 1897 prorsus
1382 1843 1504 1883 deest
1536 1843 1578 1882 in
1615 1840 1754 1882 altera

294 1923 508 1977 scriptura
537 1925 688 1971 motus,
721 1935 813 1975 quae
839 1922 986 1961 nescio
1012 1935 1139 1976 quam
1165 1921 1348 1960 formam
1380 1929 1421 1960 et
1446 1922 1753 1976 proprietatem

292 2000 498 2041 movendi
529 1998 779 2054 significare
819 1999 1002 2040 videtur.
1065 1999 1152 2039 Sed
1187 1998 1346 2039 fefellit
1381 1999 1569 2040 editores
1605 2012 1754 2040 recen-

292 2079 441 2126 tiores,
485 2078 599 2132 quod
639 2079 683 2118 in
725 2077 793 2117 his
839 2076 1007 2118 verbis:
1050 2082 1114 2117 est
1153 2077 1327 2130 quidam
1357 2078 1576 2118 naturalis
1607 2077 1756 2118 modus

294 2161 460 2194 tantum
492 2154 608 2194 modi
644 2152 1012 2209 significationem
1050 2155 1477 2204 animadverterunt,
1512 2155 1636 2209 quasi
1669 2153 1752 2195 hoc

292 2231 531 2272 diceretur:
577 2230 939 2281 cnifortasse
967 2232 1114 2272 modus
1144 2231 1412 2273 adhibendus
1449 2237 1528 2282 est,
1571 2233 1752 2285 ineptis-

293 2310 401 2350 sime
441 2323 561 2360 sane,
598 2310 862 2351 concedendi
893 2312 999 2360 vim,
1041 2325 1125 2365 qua
1156 2310 1357 2366 voluptas
1389 2324 1525 2366 usque
1557 2311 1608 2352 ad
1638 2311 1754 2353 huno

293 2387 467 2428 modum
498 2389 721 2442 recipitur,
753 2402 839 2428 non
872 2388 1087 2428 viderunt.

405 2464 511 2520 Cap.
544 2467 612 2517 14,
654 2467 710 2506 49
745 2467 877 2507 edunt
909 2467 1008 2507 inde
1041 2466 1093 2506 ab
1126 2465 1342 2517 Ernestio,
1375 2465 1555 2522 probata
1588 2465 1751 2508 Graevii

294 2544 567 2584 coniectura:
607 2543 735 2584 ⁴Mora·
768 2558 893 2598 poene
942 2544 1192 2585 videbamus
1232 2548 1278 2585 in
1319 2544 1463 2586 studio
1497 2544 1753 2586 dimetiendi

296 2620 392 2660 ecch·
430 2626 559 2674 atque
601 2628 731 2663 ierroe
778 2622 823 2662 C.
860 2622 1034 2663 Gallum
1077 2630 1177 2674 etc„
1219 2622 1421 2663 Klotzius
1453 2630 1597 2663 autem
1628 2634 1750 2676 poene

320 2794 349 2834 ¹)
389 2793 432 2827 ln
454 2792 569 2828 Laelio
591 2796 624 2836 §-
652 2797 696 2828 95
723 2795 770 2829 ob
798 2797 952 2832 eandem
980 2808 1130 2832 causam
1154 2807 1198 2832 cx
1219 2807 1293 2831 uno
1321 2795 1406 2834 eod·
1434 2796 1599 2832 Yindob·
1628 2797 1748 2832 edidi:

384 2860 612 2890 constantem
655 2863 689 2890 et
724 2869 886 2894 severum
923 2865 959 2894 et
983 2872 1144 2903 qravem.
